#FLAGGA 0
#FORMAT PC8
#SIETYP 4
#PROGRAM "Fortnox" 3.56.9
#GEN 20250321
#FNR 222745
#FNAMN "Resize Design AB"
#ADRESS "Viktor  Lindbäck" "Wallingatan 18 ög" "11124 Stockholm" "08-409 111 01" 
#RAR 0 20250101 20251231
#RAR -1 20240101 20241231
#ORGNR 556854-5999
#OMFATTN 20250301
#KPTYP EUBAS97

#KONTO 1001 "Fordran emission"
#KONTO 1010 "Balanserade utgifter"
#SRU 1010 7201
#KONTO 1019 "Ackumulerade avskrivningar pć balanserade utgifter"
#SRU 1019 7201
#KONTO 1029 "Ackumulerade avskrivningar pć koncessioner m.m."
#SRU 1029 7201
#KONTO 1030 "Patent"
#SRU 1030 7201
#KONTO 1038 "Ackumulerade nedskrivningar pć patent"
#SRU 1038 7201
#KONTO 1039 "Ackumulerade avskrivningar pć patent"
#SRU 1039 7201
#KONTO 1040 "Licenser"
#SRU 1040 7201
#KONTO 1049 "Ackumulerade avskrivningar pć licenser"
#SRU 1049 7201
#KONTO 1050 "Varumärken"
#SRU 1050 7201
#KONTO 1059 "Ackumulerade avskrivningar pć varumärken"
#SRU 1059 7201
#KONTO 1060 "Hyresrätter , tomträtter och liknande"
#SRU 1060 7201
#KONTO 1068 "Uppskrivning hyresrätter, tomträtter och liknande "
#SRU 1068 7201
#KONTO 1069 "Ackumulerade avskrivningar pć hyresrätter, tomträtter och liknande"
#SRU 1069 7201
#KONTO 1070 "Goodwill"
#SRU 1070 7201
#KONTO 1078 "Ackumulerade nedskrivningar pć goodwill"
#SRU 1078 7201
#KONTO 1079 "Ackumulerade avskrivningar pć goodwill"
#SRU 1079 7201
#KONTO 1081 "Pćgćende projekt för immateriella anläggningstillgćngar"
#SRU 1081 7201
#KONTO 1110 "Byggnader"
#SRU 1110 7214
#KONTO 1118 "Ackumulerade nedskrivningar pć byggnader"
#SRU 1118 7214
#KONTO 1119 "Ackumulerade avskrivningar pć byggnader"
#SRU 1119 7214
#KONTO 1120 "Förbättringsutgifter pć annans fastighet"
#SRU 1120 7216
#KONTO 1129 "Ackumulerade avskrivningar pć förbättringsutgifter pć annans fastighet"
#SRU 1129 7216
#KONTO 1130 "Mark"
#SRU 1130 7214
#KONTO 1150 "Markanläggningar"
#SRU 1150 7214
#KONTO 1158 "Ackumulerade nedskrivningar pć markanläggningar"
#SRU 1158 7214
#KONTO 1159 "Ackumulerade avskrivningar pć markanläggningar"
#SRU 1159 7214
#KONTO 1210 "Maskiner och andra tekniska anläggningar"
#SRU 1210 7215
#KONTO 1218 "Ackumulerade nedskrivningar pć maskiner och andra tekniska anläggningar"
#SRU 1218 7215
#KONTO 1219 "Ackumulerade avskrivningar pć maskiner och andra tekniska anläggningar"
#SRU 1219 7215
#KONTO 1220 "Inventarier och verktyg"
#SRU 1220 7215
#KONTO 1228 "Ackumulerade nedskrivningar pć inventarier och verktyg"
#SRU 1228 7215
#KONTO 1229 "Ackumulerade avskrivningar pć inventarier och verktyg"
#SRU 1229 7215
#KONTO 1240 "Bilar och andra transportmedel"
#SRU 1240 7215
#KONTO 1248 "Ackumulerade nedskrivningar pć bilar och andra transportmedel"
#SRU 1248 7215
#KONTO 1249 "Ackumulerade avskrivningar pć bilar och andra transportmedel"
#SRU 1249 7215
#KONTO 1250 "Datorer"
#SRU 1250 7215
#KONTO 1258 "Ackumulerade nedskrivningar pć datorer"
#SRU 1258 7215
#KONTO 1259 "Ackumulerade avskrivningar pć datorer"
#SRU 1259 7215
#KONTO 1290 "Övriga materiella anläggningstillgćngar"
#SRU 1290 7215
#KONTO 1291 "Konst och liknande tillgćngar"
#SRU 1291 7215
#KONTO 1299 "Ackumulerade avskrivningar pć övriga materiella anläggningstillgćngar"
#SRU 1299 7215
#KONTO 1310 "Andelar i Resize Design UAB"
#SRU 1310 7230
#KONTO 1311 "Andelar i FlexiBar AB "
#SRU 1311 7230
#KONTO 1319 "Nedskrivning av aktier i dotterbolag"
#KONTO 1350 "Andelar och värdepapper i andra företag"
#SRU 1350 7233
#KONTO 1370 "Uppskjuten skattefordran"
#SRU 1370 7235
#KONTO 1380 "Andra lćngfristiga fordringar"
#SRU 1380 7235
#KONTO 1381 "Lćngfristiga reversfordringar"
#SRU 1381 7235
#KONTO 1383 "Lämnade depositioner, lćngfristiga"
#SRU 1383 7235
#KONTO 1410 "Lager av rćvaror"
#SRU 1410 7241
#KONTO 1419 "Förändring av lager av rćvaror"
#SRU 1419 7241
#KONTO 1440 "Produkter i arbete"
#SRU 1440 7242
#KONTO 1449 "Förändring av produkter i arbete"
#SRU 1449 7242
#KONTO 1450 "Lager av färdiga varor"
#SRU 1450 7243
#KONTO 1459 "Förändring av lager av färdiga varor"
#SRU 1459 7243
#KONTO 1460 "Lager av handelsvaror"
#SRU 1460 7243
#KONTO 1469 "Förändring av lager av handelsvaror"
#SRU 1469 7243
#KONTO 1470 "Pćgćende arbeten"
#SRU 1470 7245
#KONTO 1479 "Förändring av pćgćende arbeten"
#SRU 1479 7245
#KONTO 1480 "Förskott för varor och tjänster"
#SRU 1480 7246
#KONTO 1490 "Övriga lagertillgćngar"
#SRU 1490 7244
#KONTO 1510 "Kundfordringar"
#SRU 1510 7251
#KONTO 1511 "Kundfordringar"
#SRU 1511 7251
#KONTO 1512 "Manuella kundfordringar"
#SRU 1512 7251
#KONTO 1513 "Kundfordringar - delad faktura"
#SRU 1513 7251
#KONTO 1515 "Osäkra kundfordringar"
#SRU 1515 7251
#KONTO 1516 "Tvistiga kundfordringar"
#SRU 1516 7251
#KONTO 1517 "Kvittning kundfaktura"
#SRU 1517 7251
#KONTO 1519 "Nedskrivning av kundfordringar"
#SRU 1519 7251
#KONTO 1580 "Fordringar för kontokort och kuponger"
#SRU 1580 7251
#KONTO 1610 "Kortfristiga fordringar hos anställda"
#SRU 1610 7261
#KONTO 1615 "Arbetsgivaravgifter pć fordran lön"
#KONTO 1620 "Upparbetad men ej fakturerad intäkt"
#SRU 1620 7262
#KONTO 1630 "Avräkning för skatter och avgifter (skattekonto)"
#SRU 1630 7261
#KONTO 1635 "Paypalkonto"
#KONTO 1640 "Skattefordringar"
#SRU 1640 7261
#KONTO 1650 "Momsfordran"
#SRU 1650 7261
#KONTO 1660 "Kortfristiga fordringar hos kon cernföretag"
#SRU 1660 7252
#KONTO 1661 "Kortfristiga fordringar hos moderföretag"
#SRU 1661 7252
#KONTO 1662 "Kortfristiga fordringar hos Resize Design UAB "
#SRU 1662 7252
#KONTO 1674 "Kortfr fordringar Transforma Invest AB"
#SRU 1674 7252
#KONTO 1675 "Kortfr fordringar Sparbankens Norrlands Riskkapitalstifte"
#SRU 1675 7252
#KONTO 1676 "Kortf fordr Claes Wegenius"
#SRU 1676 7252
#KONTO 1680 "Andra kortfristiga fordringar"
#SRU 1680 7261
#KONTO 1684 "Kortfristiga fordringar hos leverantörer"
#SRU 1684 7261
#KONTO 1710 "Förutbetalda hyreskostnader"
#SRU 1710 7263
#KONTO 1711 "Förutbetalda tillverkningskostnader "
#SRU 1711 7263
#KONTO 1712 "Förutbetalda bredbandskostnader "
#SRU 1712 7263
#KONTO 1713 "Förutbetalda mobiltelefonkostnader "
#SRU 1713 7263
#KONTO 1720 "Förutbetalda leasingavgifter, kortfristig del"
#SRU 1720 7263
#KONTO 1730 "Förutbetalda försäkringspremier"
#SRU 1730 7263
#KONTO 1740 "Förutbetalda räntekostnader"
#SRU 1740 7263
#KONTO 1750 "Upplupna hyresintäkter"
#SRU 1750 7263
#KONTO 1760 "Upplupna ränteintäkter"
#SRU 1760 7263
#KONTO 1780 "Fordringar Madeleine"
#SRU 1780 7263
#KONTO 1790 "Övriga förutbetalda kostnader och upplupna intäkter"
#SRU 1790 7263
#KONTO 1791 "Förutbetalda kostnader "
#KONTO 1799 "Observationskonto"
#KONTO 1810 "Andelar i börsnoterade företag"
#SRU 1810 7271
#KONTO 1880 "Andra kortfristiga placeringar"
#SRU 1880 7271
#KONTO 1890 "Nedskrivning av kortfristiga placeringar"
#SRU 1890 7271
#KONTO 1910 "Kassa"
#SRU 1910 7281
#KONTO 1920 "PlusGiro"
#SRU 1920 7281
#KONTO 1921 "Plusgiro EUR"
#KONTO 1922 "Plusgiro Sparkonto "
#KONTO 1930 "Företagskonto / checkkonto / affärskonto"
#SRU 1930 7281
#KONTO 1931 "Placeringskonto 8327-9 924 473 342-5"
#SRU 1931 7281
#KONTO 1938 "Fortnoxbetalningar"
#SRU 1938 7281
#KONTO 1940 "Övriga bankkonton"
#SRU 1940 7281
#KONTO 2010 "Eget kapital, delägare 1"
#SRU 2010 7300
#KONTO 2011 "Egna varuuttag"
#SRU 2011 7300
#KONTO 2012 "Avräkning för skatter och avgifter (skattekonto)"
#SRU 2012 7300
#KONTO 2013 "Övriga egna uttag"
#SRU 2013 7300
#KONTO 2016 "Förändring i fond för verkligt värde"
#SRU 2016 7300
#KONTO 2017 "Ćrets kapitaltillskott"
#SRU 2017 7300
#KONTO 2018 "Övriga egna insättningar"
#SRU 2018 7300
#KONTO 2019 "Ćrets resultat, delägare 1"
#SRU 2019 7300
#KONTO 2020 "Eget kapital, delägare 2"
#SRU 2020 7300
#KONTO 2030 "Eget kapital, delägare 3"
#SRU 2030 7300
#KONTO 2040 "Eget kapital, delägare 4"
#SRU 2040 7300
#KONTO 2060 "Eget kapital i ideella föreningar, stiftelser och registrerade trossamfund"
#SRU 2060 7300
#KONTO 2070 "Ändamćlsbestämda medel"
#SRU 2070 7300
#KONTO 2081 "Aktiekapital"
#SRU 2081 7301
#KONTO 2083 "Medlemsinsatser"
#SRU 2083 7301
#KONTO 2085 "Uppskrivningsfond"
#SRU 2085 7301
#KONTO 2086 "Reservfond"
#SRU 2086 7301
#KONTO 2089 "Fond för utvecklingsutgifter"
#KONTO 2090 "Fritt eget kapital"
#SRU 2090 7302
#KONTO 2091 "Balanserad vinst eller förlust"
#SRU 2091 7302
#KONTO 2093 "Erhćllna aktieägartillskott"
#SRU 2093 7302
#KONTO 2097 "Överkursfond"
#SRU 2097 7302
#KONTO 2098 "Vinst eller förlust frćn föregćende ćr"
#SRU 2098 7302
#KONTO 2099 "Ćrets resultat"
#SRU 2099 7302
#KONTO 2110 "Periodiseringsfond vid 2010 ćrs taxering"
#SRU 2110 7321
#KONTO 2111 "Periodiseringsfond vid 2011 ćrs taxering"
#SRU 2111 7321
#KONTO 2112 "Periodiseringsfond vid 2012 ćrs taxering"
#SRU 2112 7321
#KONTO 2113 "Periodiseringsfond vid 2013 ćrs taxering"
#SRU 2113 7321
#KONTO 2114 "Periodiseringsfond vid 2014 ćrs taxering"
#SRU 2114 7321
#KONTO 2115 "Periodiseringsfond vid 2015 ćrs taxering"
#SRU 2115 7321
#KONTO 2125 "Periodiseringsfond vid 2005 ćrs taxering"
#SRU 2125 7321
#KONTO 2126 "Periodiseringsfond vid 2006 ćrs taxering"
#SRU 2126 7321
#KONTO 2127 "Periodiseringsfond vid 2007 ćrs taxering"
#SRU 2127 7321
#KONTO 2128 "Periodiseringsfond vid 2008 ćrs taxering"
#SRU 2128 7321
#KONTO 2129 "Periodiseringsfond 2019"
#SRU 2129 7321
#KONTO 2130 "Periodiseringsfond 2020"
#SRU 2130 7321
#KONTO 2150 "Ackumulerade överavskrivningar"
#SRU 2150 7322
#KONTO 2151 "Ackumulerade överavskrivningar pć immateriella anläggningstillgćngar"
#SRU 2151 7322
#KONTO 2152 "Ackumulerade överavskriv ningar pć byggnader och mark anläggningar"
#SRU 2152 7322
#KONTO 2153 "Ackumulerade överavskrivningar pć maskiner och inventarier"
#SRU 2153 7322
#KONTO 2210 "Avsättningar för pensioner enligt tryggandelagen"
#SRU 2210 7331
#KONTO 2220 "Avsättningar för garantier"
#SRU 2220 7333
#KONTO 2290 "Övriga avsättningar"
#SRU 2290 7333
#KONTO 2330 "Checkräkningskredit"
#SRU 2330 7351
#KONTO 2350 "Andra lćngfristiga skulder till kreditinstitut"
#SRU 2350 7352
#KONTO 2351 "Lćn Almi"
#SRU 2351 7352
#KONTO 2352 "Lćn Norrlandsfonden"
#KONTO 2353 "Kort del lćn"
#KONTO 2354 "Kort del lćn motkonto"
#KONTO 2390 "Övriga lćngfristiga skulder"
#SRU 2390 7354
#KONTO 2393 "Lćn frćn närstćende personer, lćngfristig del"
#SRU 2393 7354
#KONTO 2410 "Andra kortfristiga lćneskulder till kreditinstitut"
#SRU 2410 7361
#KONTO 2417 "Kortfristig del av lćngfristiga skulder till kreditinstitut"
#SRU 2417 7361
#KONTO 2420 "Förskott frćn kunder"
#SRU 2420 7362
#KONTO 2440 "Leverantörsskulder"
#SRU 2440 7365
#KONTO 2441 "Leverantörsskulder"
#SRU 2441 7365
#KONTO 2447 "Valutajustering levskuld"
#SRU 2447 7365
#KONTO 2448 "Ej reskontraförda leverantörsskulder"
#SRU 2448 7365
#KONTO 2449 "Kvittning av leverantörsfakturor"
#SRU 2449 7365
#KONTO 2450 "Fakturerad men ej upparbetad intäkt"
#SRU 2450 7364
#KONTO 2460 "Leverantörsskulder till koncernföretag"
#SRU 2460 7367
#KONTO 2480 "Checkräkningskredit, kortfristig"
#SRU 2480 7360
#KONTO 2490 "Övriga kortfristiga skulder till kreditinstitut, kunder och leverantörer"
#SRU 2490 7369
#KONTO 2510 "Skatteskulder"
#SRU 2510 7368
#KONTO 2514 "Beräknad särskild löneskatt pć pensionskostnader"
#SRU 2514 7368
#KONTO 2518 "Betald F-skatt"
#SRU 2518 7368
#KONTO 2610 "Utgćende moms, 25%"
#SRU 2610 7369
#KONTO 2611 "Utgćende moms pć försäljning inom Sverige, 25 %"
#SRU 2611 7369
#KONTO 2612 "Utgćende moms pć egna uttag, 25 %"
#SRU 2612 7369
#KONTO 2613 "Utgćende moms för uthyrning, 25%"
#SRU 2613 7369
#KONTO 2614 "Beräknad utgćende moms pć tjänsteförvärv frćn annat EU-land, 25%"
#SRU 2614 7369
#KONTO 2615 "Beräknad utgćende moms pć varuförvärv frćn annat EU-land, 25%"
#SRU 2615 7369
#KONTO 2616 "Utgćende moms VMB 25 %"
#SRU 2616 7369
#KONTO 2617 "Utgćende moms omvänd skattskyldighet varor och tjänster i Sverige, 25 %"
#SRU 2617 7369
#KONTO 2618 "Vilande utgćende moms, 25%"
#SRU 2618 7369
#KONTO 2620 "Utgćende moms, 12%"
#SRU 2620 7369
#KONTO 2621 "Utgćende moms pć försäljning inom Sverige, 12 %"
#SRU 2621 7369
#KONTO 2622 "Utgćende moms pć egna uttag, 12 %"
#SRU 2622 7369
#KONTO 2623 "Utgćende moms för uthyrning, 12 %"
#SRU 2623 7369
#KONTO 2624 "Beräknad utgćende moms pć tjänsteförvärv frćn utlandet, 12 %"
#SRU 2624 7369
#KONTO 2625 "Beräknad utgćende moms pć varuförvärv frćn annat EU-land, 12 %"
#SRU 2625 7369
#KONTO 2626 "Utgćende moms VMB 12%"
#SRU 2626 7369
#KONTO 2630 "Utgćende moms, 12%"
#SRU 2630 7369
#KONTO 2631 "Utgćende moms pć försäljning inom Sverige, 6 %"
#SRU 2631 7369
#KONTO 2632 "Utgćende moms pć egna uttag, 6 %"
#SRU 2632 7369
#KONTO 2633 "Utgćende moms för uthyrning, 6 %"
#SRU 2633 7369
#KONTO 2634 "Beräknad utgćende moms pć tjänsteförvärv frćn utlandet, 6 %"
#SRU 2634 7369
#KONTO 2635 "Beräknad utgćende moms pć varuförvärv frćn annat EU-land, 6 %"
#SRU 2635 7369
#KONTO 2636 "Utgćende moms VMB 6%"
#SRU 2636 7369
#KONTO 2640 "Ingćende moms"
#SRU 2640 7369
#KONTO 2641 "Debiterad ingćende moms"
#SRU 2641 7369
#KONTO 2642 "Debiterad ingćende moms i anslutning till frivillig skattskyldighet"
#SRU 2642 7369
#KONTO 2645 "Beräknad ingćende moms pć förvärv frćn utlandet"
#SRU 2645 7369
#KONTO 2646 "Ingćende moms pć uthyrning"
#SRU 2646 7369
#KONTO 2647 "Ingćende moms omvänd skattskyldighet varor och tjänster i Sverige"
#SRU 2647 7369
#KONTO 2648 "Vilande ingćende moms"
#SRU 2648 7369
#KONTO 2649 "Ingćende moms, blandad verksamhet"
#SRU 2649 7369
#KONTO 2650 "Redovisningskonto för moms"
#SRU 2650 7369
#KONTO 2655 "Moms bokslutsposter?"
#KONTO 2710 "Personalskatt"
#SRU 2710 7369
#KONTO 2730 "Lagstadgade sociala avgifter"
#SRU 2730 7369
#KONTO 2731 "Avräkning lagstadgade sociala avgifter"
#SRU 2731 7369
#KONTO 2733 "Avräkn särskild sjukförsäkringsavg"
#SRU 2733 7369
#KONTO 2740 "Avtalade sociala avgifter"
#SRU 2740 7369
#KONTO 2750 "Utmätning i lön m.m."
#SRU 2750 7369
#KONTO 2790 "Övriga löneavdrag"
#SRU 2790 7369
#KONTO 2793 "Gruppförsäkringspremier"
#SRU 2793 7369
#KONTO 2794 "Fackföreningsavgifter"
#SRU 2794 7369
#KONTO 2795 "Upplupna hyror"
#SRU 2795 7369
#KONTO 2811 "Avräkning för factoring"
#SRU 2811 7369
#KONTO 2820 "Kortfristiga skulder till anställda"
#SRU 2820 7369
#KONTO 2828 "Avräkningskonto Vita"
#KONTO 2829 "Avräkningskonto Viktor"
#SRU 2829 7369
#KONTO 2830 "Avräkningskonto Anders"
#SRU 2830 7369
#KONTO 2840 "Kortfristiga lćneskulder"
#SRU 2840 7369
#KONTO 2842 "Norrlandsfonden kortfristig del"
#SRU 2842 7369
#KONTO 2890 "Övriga kortfristiga skulder"
#SRU 2890 7369
#KONTO 2891 "Företagskort"
#SRU 2891 7369
#KONTO 2893 "Skulder till närstćende personer, kortfristig del"
#SRU 2893 7369
#KONTO 2910 "Upplupna löner"
#SRU 2910 7370
#KONTO 2920 "Upplupna semesterlöner"
#SRU 2920 7370
#KONTO 2940 "Upplupna lagstadgade sociala och andra avgifter"
#SRU 2940 7370
#KONTO 2941 "Beräknade upplupna lagstadgade sociala avgifter"
#SRU 2941 7370
#KONTO 2945 "Beräkn upplupna särskild sjukförsäkringsavgift"
#SRU 2945 7370
#KONTO 2950 "Upplupna avtalade sociala avgifter"
#SRU 2950 7370
#KONTO 2960 "Upplupna räntekostnader"
#SRU 2960 7370
#KONTO 2970 "Förutbetalda intäkter"
#SRU 2970 7370
#KONTO 2979 "Övriga förutbetalda intäkter"
#SRU 2979 7370
#KONTO 2990 "Övriga upplupna kostnader och förutbetalda intäkter"
#SRU 2990 7370
#KONTO 2995 "Skuld inkomna följesedlar"
#SRU 2995 7370
#KONTO 2999 "OBS-konto"
#SRU 2999 7370
#KONTO 3000 "Försäljning inom Sverige"
#SRU 3000 7410
#KONTO 3001 "Försäljning inom Sverige, 25 % moms"
#SRU 3001 7410
#KONTO 3002 "Försäljning inom Sverige, 12 % moms"
#SRU 3002 7410
#KONTO 3003 "Försäljning inom Sverige, 6 % moms"
#SRU 3003 7410
#KONTO 3004 "Försäljning inom Sverige, momsfri"
#SRU 3004 7410
#KONTO 3010 "Intäkter Contract "
#KONTO 3011 "Försäljning tillverkade produkter 25% moms"
#SRU 3011 7410
#KONTO 3012 "Försäljning tillverkade produkter 12% moms"
#SRU 3012 7410
#KONTO 3013 "Försäljning tillverkade produkter 6% moms"
#SRU 3013 7410
#KONTO 3014 "Försäljning tillverkade produkter utanför EU, momspliktig"
#KONTO 3015 "Försäljning tillverkade produkter till land utanför EU"
#SRU 3015 7410
#KONTO 3016 "Försäljning tillverkade produkter till annat EU-land, momspliktigt"
#SRU 3016 7410
#KONTO 3018 "Försäljning tillverkade produkter till annat EU-land, momsfri."
#SRU 3018 7410
#KONTO 3019 "Försäljning Flexibar"
#KONTO 3020 "Intäkter Privat"
#KONTO 3025 "Investeringsprojekt bidrag frćn länsstyrelsen"
#SRU 3025 7410
#KONTO 3026 "Investeringsprojekt med bidrag frćn Vinnova"
#SRU 3026 7410
#KONTO 3028 "Positiv VM omföringskonto"
#SRU 3028 7410
#KONTO 3030 "Intäkter Export"
#SRU 3030 7410
#KONTO 3040 "Försäljn Ritningar"
#KONTO 3041 "Försäljning konsulttjänster"
#SRU 3041 7410
#KONTO 3042 "Försäljning tjänster 12% moms Sv"
#SRU 3042 7410
#KONTO 3043 "Försäljning tjänster 6% moms Sv"
#SRU 3043 7410
#KONTO 3044 "Försäljn tjänst sv momsfri"
#SRU 3044 7410
#KONTO 3045 "Försälj tjänst utanför EU"
#SRU 3045 7410
#KONTO 3046 "Försälj tjänst till EU momspl"
#SRU 3046 7410
#KONTO 3048 "Försäljning tjänster EU momsfri"
#SRU 3048 7410
#KONTO 3051 "Försäljn varor 25% sv"
#SRU 3051 7410
#KONTO 3052 "Försäljning varor 12% moms Sv"
#SRU 3052 7410
#KONTO 3053 "Försäljning varor 6% moms Sv"
#SRU 3053 7410
#KONTO 3054 "Försäljn varor Sv momsfri"
#SRU 3054 7410
#KONTO 3055 "Försäljn varor utanför EU moms"
#SRU 3055 7410
#KONTO 3056 "Försäljning varor till EU 25% moms"
#SRU 3056 7410
#KONTO 3057 "Treparts försälj varor till EU 25%"
#SRU 3057 7410
#KONTO 3058 "Försäljning varor EU momsfri"
#SRU 3058 7410
#KONTO 3059 "Momspl uttag av fastigh"
#SRU 3059 7410
#KONTO 3062 "Försäljn varor närstćende företag"
#SRU 3062 7410
#KONTO 3100 "Försäljning av varor utanför Sverige"
#SRU 3100 7410
#KONTO 3105 "Försäljning varor till land utanför EU momsfri"
#SRU 3105 7410
#KONTO 3106 "Försäljning varor till annat EU-land, momspliktig"
#SRU 3106 7410
#KONTO 3108 "Försäljning varor till annat EU-land, momsfri"
#SRU 3108 7410
#KONTO 3200 "Försäljning VMB och omvänd moms"
#SRU 3200 7410
#KONTO 3211 "Försäljning positiv VMB 25 %"
#SRU 3211 7410
#KONTO 3212 "Försäljning negativ VMB 25 %"
#SRU 3212 7410
#KONTO 3231 "Försäljning inom byggsektorn, omvänd skattskyldighet moms"
#SRU 3231 7410
#KONTO 3300 "Försäljning av tjänster utanför Sverige"
#SRU 3300 7410
#KONTO 3305 "Försäljning tjänster till land utanför EU"
#SRU 3305 7410
#KONTO 3308 "Försäljning tjänster till annat EU-land"
#SRU 3308 7410
#KONTO 3311 "Försäljning tjänster inom Sverige 25% moms"
#SRU 3311 7410
#KONTO 3312 "Försäljning tjänster inom Sverige 12% moms"
#SRU 3312 7410
#KONTO 3313 "Försäljning tjänster inom Sverige 6% moms"
#SRU 3313 7410
#KONTO 3315 "Försäljning tjänster till land utanför EU"
#SRU 3315 7410
#KONTO 3316 "Försäljning tjänster till annat EU-land momspliktig"
#SRU 3316 7410
#KONTO 3318 "Försäljning tjänster  till annat EU-land"
#SRU 3318 7410
#KONTO 3350 "Upparbetad intäkt projekt"
#KONTO 3351 "Upparbetad intäkt konsult"
#KONTO 3400 "Försäljning, egna uttag"
#SRU 3400 7410
#KONTO 3401 "Egna uttag momspliktiga, 25 %"
#SRU 3401 7410
#KONTO 3402 "Egna uttag momspliktiga, 12 %"
#SRU 3402 7410
#KONTO 3403 "Egna uttag momspliktiga, 6 %"
#SRU 3403 7410
#KONTO 3404 "Egna uttag, momsfria"
#SRU 3404 7410
#KONTO 3500 "Fakturerade kostnader"
#SRU 3500 7410
#KONTO 3510 "Fakturerat emballage"
#SRU 3510 7410
#KONTO 3520 "Fakturerade frakter"
#SRU 3520 7410
#KONTO 3521 "Fakturerade frakter, EU-land "
#SRU 3521 7410
#KONTO 3522 "Fakturerade frakter, export"
#SRU 3522 7410
#KONTO 3530 "Fakturerade tull- och speditionskostnader m.m."
#SRU 3530 7410
#KONTO 3540 "Faktureringsavgifter"
#SRU 3540 7410
#KONTO 3541 "Faktureringsavgifter, EU-land"
#SRU 3541 7410
#KONTO 3542 "Faktureringsavgifter, export"
#SRU 3542 7410
#KONTO 3600 "Rörelsens sidointäkter (gruppkonto)"
#SRU 3600 7410
#KONTO 3730 "Lämnade rabatter"
#SRU 3730 7410
#KONTO 3736 "Kassarabatter export"
#SRU 3736 7410
#KONTO 3737 "Kassarabatter EU momsfri"
#SRU 3737 7410
#KONTO 3740 "Öres- och kronutjämning"
#SRU 3740 7410
#KONTO 3800 "Aktiverat arbete för egen räkning (gruppkonto)"
#SRU 3800 7412
#KONTO 3850 "Aktiverat arbete (omkostnader)"
#SRU 3850 7412
#KONTO 3900 "Övriga rörelseintäkter (grupp konto)"
#SRU 3900 7413
#KONTO 3911 "Hyresintäkter"
#SRU 3911 7413
#KONTO 3913 "Frivilligt momspliktiga hyresintäkter"
#SRU 3913 7413
#KONTO 3915 "Intäkter eventsponsring"
#KONTO 3960 "Valutakursvinster pć fordringar och skulder av rörelsekaraktär"
#SRU 3960 7413
#KONTO 3970 "Vinst vid avyttring av immateriella och materiella anlägg ningstillgćngar"
#SRU 3970 7413
#KONTO 3971 "Vinst vid avyttring av immateriella anläggningstillgćngar"
#SRU 3971 7413
#KONTO 3972 "Vinst vid avyttring av byggnader och mark"
#SRU 3972 7413
#KONTO 3973 "Vinst vid avyttring av maskiner och inventarier"
#SRU 3973 7413
#KONTO 3974 "Vinst avyttr bilar och transportmedel"
#SRU 3974 7413
#KONTO 3980 "Konsultstöd"
#SRU 3980 7413
#KONTO 3985 "Investeringsprojekt med bidrag frćn Vinnova"
#SRU 3985 7413
#KONTO 3987 "Investeringsprojekt med bidrag frćn Länsstyrelsen "
#SRU 3987 7413
#KONTO 3988 "Erhćllna bidrag och ersättningar för personal"
#SRU 3988 7413
#KONTO 3990 "Övriga ersättningar och intäkter"
#SRU 3990 7413
#KONTO 3994 "Försäkringsersättningar"
#SRU 3994 7413
#KONTO 3997 "Sjuklöneersättning"
#SRU 3997 7413
#KONTO 3999 "Övriga rörelseintäkter"
#SRU 3999 7413
#KONTO 4000 "Inköp av varor frćn Sverige"
#SRU 4000 7511
#KONTO 4001 "Projekt Z196"
#SRU 4001 7511
#KONTO 4010 "Inköp varor Sverige"
#SRU 4010 7512
#KONTO 4011 "Lagerkostnader"
#SRU 4011 7511
#KONTO 4012 "Reklamationskostnader"
#KONTO 4015 "Inköp frakt Sverige"
#KONTO 4016 "Inköp Skruvar mm "
#KONTO 4020 "Utveckling av nya produkter"
#SRU 4020 7512
#KONTO 4025 "Inköp installationer inom Sverige"
#KONTO 4028 "Negativ VM omföringskonto"
#SRU 4028 7512
#KONTO 4030 "Produkter till mässor, event, vćr utställning och foto"
#SRU 4030 7512
#KONTO 4040 "Försäljningsprovisioner"
#KONTO 4041 "Investeringar Produktion"
#KONTO 4042 "Investeringar Marknad"
#KONTO 4043 "Investeringar Försäljning"
#KONTO 4047 "Aktivering material"
#KONTO 4055 "Trepartsförv varor fr EU"
#SRU 4055 7512
#KONTO 4056 "Inköp varor frćn EU 25% moms"
#SRU 4056 7512
#KONTO 4057 "Inköp varor frćn EU 12% moms"
#SRU 4057 7512
#KONTO 4058 "Inköp varor EU korrektivkonto"
#SRU 4058 7512
#KONTO 4100 "Kostn uthyrn lokal sk.pl"
#SRU 4100 7512
#KONTO 4200 "Sćlda varor VMB"
#SRU 4200 7511
#KONTO 4211 "Sćlda varor positiv VMB 25 %"
#SRU 4211 7511
#KONTO 4212 "Sćlda varor negativ VMB 25 %"
#SRU 4212 7511
#KONTO 4220 "Resize Design"
#SRU 4220 7511
#KONTO 4400 "Inköpta tjänster i Sverige, omvänd skattskyldighet"
#SRU 4400 7511
#KONTO 4415 "Inköpta varor Sv, omv skattskyld 25%"
#SRU 4415 7512
#KONTO 4425 "Inköpta tjänster i Sverige, omvänd skattskyldighet, 25 %"
#SRU 4425 7511
#KONTO 4426 "Inköpta tjänster i Sverige, omvänd skattskyldighet, 12 %"
#SRU 4426 7511
#KONTO 4427 "Inköpta tjänster i Sverige, omvänd skattskyldighet, 6 %"
#SRU 4427 7511
#KONTO 4500 "Inköp frćn annat EU-land"
#SRU 4500 7511
#KONTO 4510 "Inköp FlexiBar "
#SRU 4510 7511
#KONTO 4511 "Inköp Flexibar inom EU "
#KONTO 4515 "Inköp av varor frćn annat EU-land, 25 %"
#SRU 4515 7511
#KONTO 4516 "Inköp av varor frćn annat EU-land, 12 %"
#SRU 4516 7511
#KONTO 4517 "Inköp av varor frćn annat EU-land, 6 %"
#SRU 4517 7511
#KONTO 4518 "Inköp av varor frćn annat EU-land, korrektivkonto"
#SRU 4518 7511
#KONTO 4531 "Inköp av tjänster frćn ett land utanför EU, 25 % webtjänster freelancer etc"
#SRU 4531 7512
#KONTO 4535 "Inköp av tjänster (frakt) frćn annat EU-land, 25 %"
#SRU 4535 7511
#KONTO 4536 "Inköp av tjänster frćn annat EU-land, 12 %"
#SRU 4536 7511
#KONTO 4537 "Inköp av tjänster frćn annat EU-land, 6 %"
#SRU 4537 7511
#KONTO 4538 "Inköp av tjänster frćn annat EU-land, momsfri"
#SRU 4538 7511
#KONTO 4599 "Periodisering omvänd moms"
#KONTO 4600 "Inköp tjänster Sverige"
#SRU 4600 7511
#KONTO 4601 "Invest.projekt med bidrag frćn Länsstyrelsen"
#SRU 4601 7511
#KONTO 4602 "Investeringsprojekt med bidrag frćn Vinnova"
#SRU 4602 7511
#KONTO 4610 "Frakt "
#KONTO 4650 "Konsult Madeleine"
#KONTO 4700 "Reduktion av inköpspriser (gruppkonto)"
#SRU 4700 7511
#KONTO 4730 "Erhćllna rabatter"
#SRU 4730 7511
#KONTO 4790 "Övriga reduktioner av inköpspriser"
#SRU 4790 7511
#KONTO 4900 "Förändring av lager (gruppkonto)"
#SRU 4900 7411
#KONTO 4910 "Förändring av lager av rćvaror"
#SRU 4910 7511
#KONTO 4920 "Förändring av lager av tillsatsmaterial och förnödenheter"
#SRU 4920 7511
#KONTO 4930 "Förändring av lager av halvfabrikat"
#SRU 4930 7511
#KONTO 4931 "Förändring av lager av köpta halvfabrikat"
#SRU 4931 7511
#KONTO 4932 "Förändring av lager av egentillverkade halvfabrikat"
#SRU 4932 7411
#KONTO 4940 "Förändring av produkter i arbete"
#SRU 4940 7411
#KONTO 4950 "Förändring av lager av färdiga varor"
#SRU 4950 7411
#KONTO 4960 "Förändring av lager av handelsvaror"
#SRU 4960 7512
#KONTO 4970 "Förändring av pćgćende arbeten, nedlagda kostnader"
#SRU 4970 7411
#KONTO 4990 "Förändring av lager och pćgćende arbeten"
#SRU 4990 7411
#KONTO 4999 "Periodisering kostnad"
#KONTO 5010 "Lokalhyra"
#SRU 5010 7513
#KONTO 5020 "El för belysning"
#SRU 5020 7513
#KONTO 5030 "Värme"
#SRU 5030 7513
#KONTO 5040 "Vatten och avlopp"
#SRU 5040 7513
#KONTO 5060 "Städning och renhćllning"
#SRU 5060 7513
#KONTO 5062 "Embalagehämtning hos kund"
#SRU 5062 7513
#KONTO 5070 "Reparation och underhćll av lokaler"
#SRU 5070 7513
#KONTO 5090 "Övriga lokalkostnader"
#SRU 5090 7513
#KONTO 5120 "El för belysning"
#SRU 5120 7513
#KONTO 5130 "Värme"
#SRU 5130 7513
#KONTO 5140 "Vatten och avlopp"
#SRU 5140 7513
#KONTO 5160 "Städning och renhćllning"
#SRU 5160 7513
#KONTO 5170 "Reparation och underhćll av fastighet"
#SRU 5170 7513
#KONTO 5200 "Hyra av anläggningstillgćngar (gruppkonto)"
#SRU 5200 7513
#KONTO 5210 "Hyra av maskiner och andra tekniska anläggningar"
#SRU 5210 7513
#KONTO 5220 "Hyra av inventarier och verktyg"
#SRU 5220 7513
#KONTO 5300 "Energikostnader (gruppkonto)"
#SRU 5300 7513
#KONTO 5410 "Förbrukningsinventarier"
#SRU 5410 7513
#KONTO 5420 "Programvaror"
#SRU 5420 7513
#KONTO 5421 "Programvaror utomlands"
#KONTO 5440 "Förbrukningsemballage"
#SRU 5440 7513
#KONTO 5460 "Förbrukningsmaterial"
#SRU 5460 7513
#KONTO 5480 "Arbetskläder och skyddsmaterial"
#SRU 5480 7513
#KONTO 5500 "Reparation och underhćll (gruppkonto)"
#SRU 5500 7513
#KONTO 5520 "Reparation och underhćll av inventarier, verktyg och datorer m.m."
#SRU 5520 7513
#KONTO 5580 "Underhćll och tvätt av arbetskläder"
#SRU 5580 7513
#KONTO 5600 "Kostnader för transportmedel (gruppkonto)"
#SRU 5600 7513
#KONTO 5611 "Drivmedel för personbilar"
#SRU 5611 7513
#KONTO 5612 "Försäkring och skatt för personbilar"
#SRU 5612 7513
#KONTO 5613 "Reparation och underhćll av personbilar"
#SRU 5613 7513
#KONTO 5614 "Övriga personbilskostnader"
#KONTO 5615 "Leasing av personbilar"
#SRU 5615 7513
#KONTO 5616 "Trängselskatt, avdragsgill"
#SRU 5616 7513
#KONTO 5619 "Övriga personbilskostnader"
#SRU 5619 7513
#KONTO 5690 "Övriga kostnader för transportmedel"
#SRU 5690 7513
#KONTO 5700 "Frakter och transporter (gruppkonto)"
#SRU 5700 7513
#KONTO 5710 "Frakter, transporter och försäkringar vid varudistribution"
#SRU 5710 7513
#KONTO 5800 "Försäljningsresor"
#SRU 5800 7513
#KONTO 5801 "Resekostnad (taxi)"
#SRU 5801 7513
#KONTO 5810 "Inköpsresor"
#SRU 5810 7513
#KONTO 5811 "Projektresor"
#KONTO 5820 "Hyrbilskostnader"
#SRU 5820 7513
#KONTO 5831 "Kost och logi i Sverige"
#SRU 5831 7513
#KONTO 5832 "Kost och logi i utlandet"
#SRU 5832 7513
#KONTO 5841 "Bilersättning, avdragsgill"
#SRU 5841 7513
#KONTO 5843 "Traktamente"
#SRU 5843 7513
#KONTO 5900 "Reklam och PR "
#SRU 5900 7513
#KONTO 5902 "Hemsida Contract"
#KONTO 5904 "Hemsida Privat"
#KONTO 5910 "Marknadsföring inom Sverige "
#SRU 5910 7513
#KONTO 5911 "Marknadsföring utom Sverige "
#KONTO 5912 "Försäljningsprovisioner"
#KONTO 5930 "Reklamtrycksaker och direktreklam"
#SRU 5930 7513
#KONTO 5932 "Bilder Contract"
#KONTO 5934 "Bilder Privat"
#KONTO 5940 "Utställningar och mässor"
#SRU 5940 7513
#KONTO 5941 "Mässa Paris"
#KONTO 5942 "Utställning Contract"
#KONTO 5944 "Utställning Privat"
#KONTO 5972 "Digital m-föring Contract"
#KONTO 5974 "Digital m-föring Privat"
#KONTO 5990 "Övriga kostnader för reklam och PR"
#SRU 5990 7513
#KONTO 5991 "Marknadsföring"
#KONTO 6040 "Kontokortsavgifter"
#SRU 6040 7513
#KONTO 6050 "Försäljningsprovisioner"
#SRU 6050 7513
#KONTO 6060 "Kreditförsäljningskostnader"
#SRU 6060 7513
#KONTO 6062 "Inkasso och KFM-avgifter"
#SRU 6062 7513
#KONTO 6064 "Factoringavgifter"
#SRU 6064 7513
#KONTO 6071 "Representation, avdragsgill"
#SRU 6071 7513
#KONTO 6072 "Representation, ej avdragsgill"
#SRU 6072 7513
#KONTO 6090 "Övriga försäljningskostnader"
#SRU 6090 7513
#KONTO 6100 "Kontorsmateriel och trycksaker (gruppkonto)"
#SRU 6100 7513
#KONTO 6110 "Kontorsmateriel"
#SRU 6110 7513
#KONTO 6210 "Telekommunikation"
#SRU 6210 7513
#KONTO 6212 "Mobiltelefon"
#SRU 6212 7513
#KONTO 6230 "Datakommunikation"
#SRU 6230 7513
#KONTO 6250 "Porto"
#SRU 6250 7513
#KONTO 6310 "Företagsförsäkringar"
#SRU 6310 7513
#KONTO 6320 "Självrisker vid skada"
#SRU 6320 7513
#KONTO 6345 "Reklamationskostnader"
#KONTO 6350 "Förluster pć kundfordringar"
#SRU 6350 7513
#KONTO 6410 "Styrelsearvoden som inte är lön"
#SRU 6410 7513
#KONTO 6420 "Ersättningar till revisor"
#SRU 6420 7513
#KONTO 6530 "Redovisningstjänster"
#SRU 6530 7513
#KONTO 6531 "Redovisningstjänster utöver avtal "
#KONTO 6540 "IT-tjänster"
#SRU 6540 7513
#KONTO 6550 "Konsultarvoden"
#SRU 6550 7513
#KONTO 6551 "Konsultarvoden LT back office support "
#KONTO 6552 "Konsultarvore Johanna"
#KONTO 6560 "Serviceavgifter till branschorganisationer"
#SRU 6560 7513
#KONTO 6570 "Bankkostnader"
#SRU 6570 7513
#KONTO 6580 "Advokat- och rättegćngskostnader"
#SRU 6580 7513
#KONTO 6581 "Kostnader Madeleine"
#KONTO 6590 "Övriga externa tjänster"
#SRU 6590 7513
#KONTO 6591 "Köpta arbeten/ försäljningstjänster"
#KONTO 6800 "Inhyrd personal (gruppkonto)"
#SRU 6800 7513
#KONTO 6900 "Övriga externa kostnader (gruppkonto)"
#SRU 6900 7513
#KONTO 6910 "Licensavgifter och royalties"
#SRU 6910 7513
#KONTO 6920 "Kostnader för egna patent, designskydd m.m."
#SRU 6920 7513
#KONTO 6930 "Kostnader för varumärken m.m."
#SRU 6930 7513
#KONTO 6970 "Tidningar, tidskrifter och facklitteratur"
#SRU 6970 7513
#KONTO 6980 "Föreningsavgifter"
#SRU 6980 7513
#KONTO 6981 "Föreningsavgifter, avdragsgilla"
#SRU 6981 7513
#KONTO 6982 "Föreningsavgifter, ej avdragsg"
#SRU 6982 7513
#KONTO 6990 "Övriga externa kostnader"
#SRU 6990 7513
#KONTO 6991 "Övriga externa kostnader, avdragsgilla"
#SRU 6991 7513
#KONTO 6992 "Övriga externa kostnader, ej avdragsgilla"
#SRU 6992 7513
#KONTO 6995 "Restavgifter"
#KONTO 7010 "Löner till kollektivanställda"
#SRU 7010 7514
#KONTO 7018 "Bruttolöneavdrag, kollektivanställda"
#SRU 7018 7514
#KONTO 7090 "Förändring av semesterlöneskuld"
#SRU 7090 7514
#KONTO 7210 "Löner till tjänstemän"
#SRU 7210 7514
#KONTO 7218 "Bruttolöneavdrag, tjänstemän"
#SRU 7218 7514
#KONTO 7220 "Löner till företagsledare"
#SRU 7220 7514
#KONTO 7240 "Styrelsearvoden"
#SRU 7240 7514
#KONTO 7270 "Arvode Vita Garte"
#KONTO 7281 "Sjuklöner till tjänstemän"
#SRU 7281 7514
#KONTO 7285 "Semesterlöner till tjänstemän"
#SRU 7285 7514
#KONTO 7290 "Förändring av semesterlöneskuld"
#SRU 7290 7514
#KONTO 7310 "Kontanta extraersättningar"
#SRU 7310 7514
#KONTO 7321 "Skattefria traktamenten, Sverige"
#SRU 7321 7514
#KONTO 7322 "Skattepliktiga traktamenten, Sverige"
#SRU 7322 7514
#KONTO 7323 "Skattefria traktamenten, utlandet"
#SRU 7323 7514
#KONTO 7324 "Skattepliktiga traktamenten, utlandet"
#SRU 7324 7514
#KONTO 7331 "Skattefria bilersättningar"
#SRU 7331 7514
#KONTO 7332 "Skattepliktiga bilersättningar"
#SRU 7332 7514
#KONTO 7338 "Skattepliktig ers trängselskatt"
#SRU 7338 7514
#KONTO 7380 "Kostnader för förmćner till anställda"
#SRU 7380 7514
#KONTO 7385 "Kostnader för fri bil"
#SRU 7385 7514
#KONTO 7388 "Anställdas ersättning för erhćllna förmćner"
#SRU 7388 7514
#KONTO 7390 "Övriga kostnadsersättningar och förmćner"
#SRU 7390 7514
#KONTO 7391 "Kostnad för trängselskatteförmćn"
#SRU 7391 7514
#KONTO 7392 "Kostnad för förmćn av hushćllsnära tjänster"
#SRU 7392 7514
#KONTO 7398 "Förmćnsvärden"
#KONTO 7399 "Motkontering av förmćn"
#SRU 7399 7514
#KONTO 7410 "Pensionsförsäkringspremier"
#SRU 7410 7514
#KONTO 7490 "Övriga pensionskostnader"
#SRU 7490 7514
#KONTO 7510 "Lagstadgade sociala avgifter"
#SRU 7510 7514
#KONTO 7511 "Sociala avgifter för löner och ersättningar"
#SRU 7511 7514
#KONTO 7512 "Sociala avgifter för förmćnsvärden"
#SRU 7512 7514
#KONTO 7519 "Sociala avgifter för semester- och löneskuld"
#SRU 7519 7514
#KONTO 7520 "Arbetsgivaravgifter (nya pensionssystemet)"
#SRU 7520 7514
#KONTO 7530 "Särskild löneskatt"
#SRU 7530 7514
#KONTO 7560 "Arbetsgivaravgifter under 26 ćr"
#SRU 7560 7514
#KONTO 7570 "Premier för arbetsmarknadsförsäkringar"
#SRU 7570 7514
#KONTO 7580 "Gruppförsäkringspremier"
#SRU 7580 7514
#KONTO 7590 "Övriga sociala och andra avgifter enligt lag och avtal"
#SRU 7590 7514
#KONTO 7600 "Övriga personalkostnader (gruppkonto)"
#SRU 7600 7514
#KONTO 7610 "Utbildning"
#SRU 7610 7514
#KONTO 7621 "Sjuk- och hälsovćrd, avdragsgill"
#SRU 7621 7514
#KONTO 7622 "Sjuk- och hälsovćrd, ej avdragsgill"
#SRU 7622 7514
#KONTO 7623 "Sjukvćrdsförsäkring, ej avdragsgill"
#SRU 7623 7514
#KONTO 7631 "Personalrepresentation, avdragsgill"
#SRU 7631 7514
#KONTO 7632 "Personalrepresentation, ej avdragsgill"
#SRU 7632 7514
#KONTO 7690 "Övriga personalkostnader"
#SRU 7690 7514
#KONTO 7695 "Övrig personal"
#KONTO 7699 "Övriga personalkostnader"
#SRU 7699 7514
#KONTO 7710 "Nedskrivningar av immateriella anläggningstillgćngar"
#SRU 7710 7515
#KONTO 7720 "Nedskrivningar av byggnader och mark"
#SRU 7720 7515
#KONTO 7730 "Nedskrivningar av maskiner och inventarier"
#SRU 7730 7515
#KONTO 7760 "Ćterföring av nedskrivningar av immateriella anläggningstillgćngar"
#SRU 7760 7515
#KONTO 7770 "Ćterföring av nedskrivningar av byggnader och mark"
#SRU 7770 7515
#KONTO 7780 "Ćterföring av nedskrivningar av maskiner och inventarier"
#SRU 7780 7515
#KONTO 7810 "Avskrivningar pć immateriella anläggningstillgćngar"
#SRU 7810 7515
#KONTO 7811 "Avskrivningar pć balanserade utgifter"
#SRU 7811 7515
#KONTO 7813 "Avskrivningar pć patent"
#SRU 7813 7515
#KONTO 7814 "Avskrivningar pć licenser"
#SRU 7814 7515
#KONTO 7815 "Avskrivningar pć varumärken"
#SRU 7815 7515
#KONTO 7816 "Avskrivningar pć hyresrätter"
#SRU 7816 7515
#KONTO 7817 "Avskrivningar pć goodwill"
#SRU 7817 7515
#KONTO 7820 "Avskrivningar pć byggnader och markanläggningar"
#SRU 7820 7515
#KONTO 7821 "Avskrivningar pć byggnader"
#SRU 7821 7515
#KONTO 7822 "Avskrivn byggnadsinv"
#SRU 7822 7515
#KONTO 7824 "Avskrivningar pć markanläggningar"
#SRU 7824 7515
#KONTO 7830 "Avskrivningar pć maskiner och inventarier"
#SRU 7830 7515
#KONTO 7831 "Avskrivningar pć maskiner och andra tekniska anläggningar"
#SRU 7831 7515
#KONTO 7832 "Avskrivningar pć inventarier och verktyg"
#SRU 7832 7515
#KONTO 7834 "Avskrivningar pć bilar och andra transportmedel"
#SRU 7834 7515
#KONTO 7835 "Avskrivningar pć datorer"
#SRU 7835 7515
#KONTO 7840 "Avskrivningar pć förbättringsutgifter pć annans fastighet"
#SRU 7840 7515
#KONTO 7960 "Valutakursförluster pć fordringar och skulder av rörelsekaraktär"
#SRU 7960 7517
#KONTO 7970 "Förlust vid avyttring av immateriella och materiella anläggningstillgćngar"
#SRU 7970 7517
#KONTO 7971 "Förlust vid avyttring av immateriella anläggningstillgćngar"
#SRU 7971 7517
#KONTO 7972 "Förlust vid avyttring av byggnader och mark"
#SRU 7972 7517
#KONTO 7973 "Förlust vid avyttring av maskiner och inventarier"
#SRU 7973 7517
#KONTO 7990 "Övriga rörelsekostnader"
#SRU 7990 7517
#KONTO 8210 "Utdelning pć andelar i andra företag"
#SRU 8210 7416
#KONTO 8220 "Resultat vid försäljning av värdepapper i och lćngfristiga fordringar hos andra företag"
#SRU 8220 7416
#KONTO 8250 "Ränteintäkter frćn lćngfristiga fordringar hos och värdepapper i andra företag"
#SRU 8250 7416
#KONTO 8270 "Nedskrivningar av innehav av andelar i och lćngfristiga fordringar hos andra företag"
#SRU 8270 7521
#KONTO 8310 "Ränteintäkter frćn om sättningstillgćngar"
#SRU 8310 7417
#KONTO 8311 "Ränteintäkter frćn bank"
#SRU 8311 7417
#KONTO 8313 "Ränteintäkter frćn kortfristiga fordringar"
#SRU 8313 7417
#KONTO 8314 "Intäktsränta, skattekonto"
#SRU 8314 7417
#KONTO 8324 "Kostnadsränta, skattekonto"
#KONTO 8330 "Valutakursdifferenser pć kortfristiga fordringar och placeringar"
#SRU 8330 7417
#KONTO 8331 "Valutakursvinster pć kortfristiga fordringar och placeringar"
#SRU 8331 7417
#KONTO 8340 "Utdelningar pć kortfristiga placeringar"
#SRU 8340 7417
#KONTO 8350 "Resultat vid försäljning av kortfristiga placeringar"
#SRU 8350 7417
#KONTO 8380 "Ćterföringar av nedskrivningar av kortfristiga placeringar"
#SRU 8380 7521
#KONTO 8390 "Övriga finansiella intäkter"
#SRU 8390 7417
#KONTO 8400 "Räntekostnader (gruppkonto)"
#SRU 8400 7522
#KONTO 8410 "Räntekostnader för lćngfristiga skulder"
#SRU 8410 7522
#KONTO 8413 "Räntekostnader för checkräkningskredit"
#SRU 8413 7522
#KONTO 8420 "Räntekostnader för kortfristiga skulder"
#SRU 8420 7522
#KONTO 8422 "Dröjsmćlsräntor för leverantörsskulder"
#SRU 8422 7522
#KONTO 8423 "Räntekostnader för skatter och avgifter"
#SRU 8423 7522
#KONTO 8430 "Valutakursdifferenser pć skulder"
#SRU 8430 7522
#KONTO 8811 "Avsättning till periodiseringsfond"
#SRU 8811 7525
#KONTO 8819 "Ćterföring frćn periodiseringsfond"
#SRU 8819 7420
#KONTO 8850 "Förändring av överavskrivningar"
#SRU 8850 7526
#KONTO 8851 "Förändring av överavskrivningar, immateriella anläggningstillgćngar"
#SRU 8851 7526
#KONTO 8852 "Förändring av överavskrivningar, byggnader och markanläggningar"
#SRU 8852 7526
#KONTO 8853 "Förändring av överavskrivningar, maskiner och inventarier"
#SRU 8853 7526
#KONTO 8910 "Skatt som belastar ćrets resultat"
#SRU 8910 7528
#KONTO 8990 "Resultat"
#SRU 8990 7450
#KONTO 8999 "Ćrets resultat"
#SRU 8999 7450

#DIM 1 "Kostnadsställe"
#DIM 6 "Projekt"
#OBJEKT 6 "0001" "Viktor privat"
#OBJEKT 6 "0002222" "testest"
#OBJEKT 6 "0004" "Lager"
#OBJEKT 6 "1000" "Resize Showroom"
#OBJEKT 6 "1005" "Kontor"
#OBJEKT 6 "1330" "Minerva gymnasium"
#OBJEKT 6 "1451" "100 kök oscar properties"
#OBJEKT 6 "1517" "Kinnarps Volvo "
#OBJEKT 6 "1944" "NK soffor"
#OBJEKT 6 "1test" "Vi invest test"
#OBJEKT 6 "2007" "7A paket"
#OBJEKT 6 "2017" "gammal skuld"
#OBJEKT 6 "2210" "Benjamin"
#OBJEKT 6 "2212" "Byggbeslag Ab Nordkustbygg"
#OBJEKT 6 "2222" "Viktor privat"
#OBJEKT 6 "222233" "Lavendla "
#OBJEKT 6 "222234" "Ellmount"
#OBJEKT 6 "222235" "Sigtuna 2020"
#OBJEKT 6 "222236" "ellmount"
#OBJEKT 6 "222237" "Seven Day"
#OBJEKT 6 "222238" "Funäsdalen "
#OBJEKT 6 "222239" "Skanska"
#OBJEKT 6 "222240" "Inventia"
#OBJEKT 6 "222241" "Sidoskogen bygg"
#OBJEKT 6 "222242" "Hotell Gamla Teatern i Östersund"
#OBJEKT 6 "222243" "Hotel Östersund"
#OBJEKT 6 "222244" "Hedda 2021"
#OBJEKT 6 "222245" "Konsulttid"
#OBJEKT 6 "222246" "Flexibar "
#OBJEKT 6 "222247" "Träsoffor Ystad"
#OBJEKT 6 "222248" "Medis loose furniture"
#OBJEKT 6 "222249" "Medis sofas armchairs "
#OBJEKT 6 "222250" "William Apartment"
#OBJEKT 6 "222251" "Renovering wallingatan kontor"
#OBJEKT 6 "222252" "Produktionsresa LT PL Q4 2021"
#OBJEKT 6 "2227" "Box Hotel Linköping "
#OBJEKT 6 "2236" "Input Stockholm"
#OBJEKT 6 "2237" "Input Umeć "
#OBJEKT 6 "2240" "DPJ Blue air"
#OBJEKT 6 "2241" "Pretto PR"
#OBJEKT 6 "2245" "Hanssons möbler"
#OBJEKT 6 "2246" "Hotell aurum skellefteć"
#OBJEKT 6 "2249" "Sigtunahöjdens hotell & konferens"
#OBJEKT 6 "2251" "Martelas showroomStockholm"
#OBJEKT 6 "2252" "TED hotell - Senab Umeć"
#OBJEKT 6 "2253" "Input Linköping"
#OBJEKT 6 "2254" "Inventia "
#OBJEKT 6 "2258" "Ludwigs kontor Skellefteć"
#OBJEKT 6 "2263" "Input interiör Stockholm"
#OBJEKT 6 "2265" "Kinnarps Donnergymnasiet"
#OBJEKT 6 "2268" "Input Malmö"
#OBJEKT 6 "2275" "Kinnarps Sthlm bord"
#OBJEKT 6 "2276" "Martela oslo "
#OBJEKT 6 "2277" "HKC hotell örebro - dublett"
#OBJEKT 6 "2278" "Wilson Creative"
#OBJEKT 6 "2282" "HKC Örebro "
#OBJEKT 6 "2285" "Privatperson TV möbel"
#OBJEKT 6 "2286" "Funäsdalen använd ej"
#OBJEKT 6 "2288" "Funäsdalen Berg & Hotel"
#OBJEKT 6 "2291" "Sublime Bosse "
#OBJEKT 6 "2292" "7a - plan 4 odenplan"
#OBJEKT 6 "2293" "2299 HKC malmö nobel"
#OBJEKT 6 "2294" "S8 Restaurang tegnergatan 34"
#OBJEKT 6 "2295" "använd ej"
#OBJEKT 6 "2300" "Norstat Linköping/ "
#OBJEKT 6 "2307" "Kinnarps Gtbrg utställning"
#OBJEKT 6 "2315" "HKC Hudik"
#OBJEKT 6 "2317" "Lindelöf Malmö"
#OBJEKT 6 "2318" "7a vasagatan"
#OBJEKT 6 "2352" "Privatkund "
#OBJEKT 6 "2353" "Inventia Nordnet"
#OBJEKT 6 "2355" "DPJ"
#OBJEKT 6 "2356-2378" "DPJ tvć lev"
#OBJEKT 6 "2366" "Sigtuna konferensbord"
#OBJEKT 6 "2367" "DPJ 8 st hatthyllor svart mdf"
#OBJEKT 6 "2368" "Sigtuna del 2"
#OBJEKT 6 "2369tretorn" "Tretorn"
#OBJEKT 6 "2371" "Malmia hotell"
#OBJEKT 6 "2372" "mödala privat"
#OBJEKT 6 "2374" "NA-KD klädhängare"
#OBJEKT 6 "2397" "Input Sthlm ben"
#OBJEKT 6 "2398" "Sigtuna reklamation konferensbord"
#OBJEKT 6 "2405" "Malmia 2"
#OBJEKT 6 "2419" "Black Lizzy 1"
#OBJEKT 6 "2427" "Tylöprint"
#OBJEKT 6 "2431" "Input Volvo"
#OBJEKT 6 "2433" "Grisslehamn"
#OBJEKT 6 "2439" "Pite havsbad"
#OBJEKT 6 "2448" "Tretorn 300 st"
#OBJEKT 6 "2449" "Wangson "
#OBJEKT 6 "2462" "Martela migrationsverket"
#OBJEKT 6 "2463" "Laponia hotell Arvidsjour"
#OBJEKT 6 "2464" "2468 - sample förskolemöbler"
#OBJEKT 6 "2483" "Norstat 3"
#OBJEKT 6 "2489" "Privatkund"
#OBJEKT 6 "2490" "Vita"
#OBJEKT 6 "2495" "Juristhuset"
#OBJEKT 6 "2508" "Rikand inredningar "
#OBJEKT 6 "2510" "Elfa"
#OBJEKT 6 "2517" "Tretorn skoställ"
#OBJEKT 6 "2518" "Chimi ställ"
#OBJEKT 6 "2523" "Sigtuna 14 badrum"
#OBJEKT 6 "2530" "Skellefteć city science"
#OBJEKT 6 "2532" "Martela Norrköping"
#OBJEKT 6 "2560" "Senab Volvo "
#OBJEKT 6 "2562" "7a stranvägen "
#OBJEKT 6 "2563" "Treton 10 st"
#OBJEKT 6 "2566" "Input sthlm os garderob "
#OBJEKT 6 "2583" "Pite konferens"
#OBJEKT 6 "2590" "Nabo soffor"
#OBJEKT 6 "2594" "Filippa K Martela"
#OBJEKT 6 "2605" "Nymans ur"
#OBJEKT 6 "2608" "Hotel GS restaurang"
#OBJEKT 6 "2609" "använd ej"
#OBJEKT 6 "2620" "Tretorn 2019"
#OBJEKT 6 "2633" "Funäsdalen 7 rum"
#OBJEKT 6 "2641" "Hotel GS lobby"
#OBJEKT 6 "2645" "Sophia B nattklubb"
#OBJEKT 6 "2646" "Martela HYDE for testfacility"
#OBJEKT 6 "2647" "7A - Q4 2018"
#OBJEKT 6 "2672" "Stokab "
#OBJEKT 6 "2673" "lindelöf bord"
#OBJEKT 6 "2674" "Alla möjliga, orkar inte kontera men har koll"
#OBJEKT 6 "2675" "Rekab Skellefteć Kraft"
#OBJEKT 6 "2754" "Hotell Lappland Frukostmatsalen stolar"
#OBJEKT 6 "2755" "NCC Martela table  tops"
#OBJEKT 6 "2761" "HC Malmö"
#OBJEKT 6 "2809" "Martela Sandvik"
#OBJEKT 6 "2822" "Electrolux Martela"
#OBJEKT 6 "2832" "Skellefteć Kraft"
#OBJEKT 6 "2836" "Lappkćtan"
#OBJEKT 6 "2843" "Hotell HKC Huddik"
#OBJEKT 6 "2847" "Savoy Hotel Luleć"
#OBJEKT 6 "2848" "Malmia hotel"
#OBJEKT 6 "2849" "Solhem Visby"
#OBJEKT 6 "2850" "Wicanders provgolv Colorama"
#OBJEKT 6 "2851" "Umeć Universitet Input"
#OBJEKT 6 "2852" "HC kundpaket "
#OBJEKT 6 "2853" "Black Sea Resorts"
#OBJEKT 6 "2854" "Borlänge Hotel"
#OBJEKT 6 "2855" "Dubai"
#OBJEKT 6 "2856" "Kontor Ett "
#OBJEKT 6 "2857" "Skogshem & wijk"
#OBJEKT 6 "2858" "Reklamationer"
#OBJEKT 6 "2859" "Gamla Teatern, Best Western Hotell"
#OBJEKT 6 "2860" "Ulriksdal - AC Marriot"
#OBJEKT 6 "2861" "Viktor 2019"
#OBJEKT 6 "2862" "BELECO - Refurnish the World AB"
#OBJEKT 6 "2863" "Mirja - privat"
#OBJEKT 6 "2864" "Sara garanty sänggavel"
#OBJEKT 6 "3070" "Linköpings universitet"
#OBJEKT 6 "3071" "Vita privat"
#OBJEKT 6 "3084" "SU"
#OBJEKT 6 "3085" "7a alla förutom posthuset"
#OBJEKT 6 "3086" "Martela alla"
#OBJEKT 6 "3087" "Sigtunahöjden"
#OBJEKT 6 "3088" "Kinnarps"
#OBJEKT 6 "3089" "Kick off"
#OBJEKT 6 "3090" "Offert 7A POST"
#OBJEKT 6 "3091" "Strand"
#OBJEKT 6 "3092" "Inventia GS1"
#OBJEKT 6 "3093" "7A Posthuset"
#OBJEKT 6 "3094" "Richard Salesjö - Sälen"
#OBJEKT 6 "3095" "Pite havsbadgruppen - alla"
#OBJEKT 6 "3096" "Puustelli"
#OBJEKT 6 "3097" "Ulricsdal AC viinvest"
#OBJEKT 6 "3098" "Episerver"
#OBJEKT 6 "3099" "Restaurang Storan - S8G"
#OBJEKT 6 "3100" "Torekovs golfklubb"
#OBJEKT 6 "3101" "Restaurang Ilse"
#OBJEKT 6 "3102" "Cortina - Mai Thai Kitchen"
#OBJEKT 6 "3103" "Kaunas kontor"
#OBJEKT 6 "3104" "Kickoff 2020"
#OBJEKT 6 "3105" "Lapti badrumsskćp"
#OBJEKT 6 "3106" "Hedda 2"
#OBJEKT 6 "3107" "Mer aller media"
#OBJEKT 6 "3108" "Odoo"
#OBJEKT 6 "3109" "art gallery "
#OBJEKT 6 "3110" "Odoo"
#OBJEKT 6 "3111" "mer Wallin & partners "
#OBJEKT 6 "3112" "rikand"
#OBJEKT 6 "3113" "7A G"
#OBJEKT 6 "3114" "7A H"
#OBJEKT 6 "3115" "Svensk fast Posthuset "
#OBJEKT 6 "3116" "200 stolar Stefan"
#OBJEKT 6 "3117" "Havsbaden reception"
#OBJEKT 6 "3118" "INVENTIA LOWELL"
#OBJEKT 6 "3119" "UHR"
#OBJEKT 6 "3120" "Bromma"
#OBJEKT 6 "3121" "grisslehamn 200 stolar"
#OBJEKT 6 "3122" "HC Meetings"
#OBJEKT 6 "4322" "Benson "
#OBJEKT 6 "5000" "Karlaplan / 101 hotel rooms"
#OBJEKT 6 "5001" "Ćland / hotel rooms"
#OBJEKT 6 "5002" "Stockholm / Sample room"
#OBJEKT 6 "5003" "Umeć / Coworking etapp 1"
#OBJEKT 6 "5004" "Drottninggatan / Hotel interior fire"
#OBJEKT 6 "5005" "Umeć / Coworking etapp 1.2"
#OBJEKT 6 "5006" "Umeć / Coworking etapp 1.4"
#OBJEKT 6 "5007" "Söderfors hotel "
#OBJEKT 6 "5008" "Karlaplan / Lobby & restaurang"
#OBJEKT 6 "5009" "Access care"
#OBJEKT 6 "5010" "Umeć Coworking etapp 1.3"
#OBJEKT 6 "5011" "Umeć Orangeriet"
#OBJEKT 6 "5012" "Umeć Coworking etapp 2"
#OBJEKT 6 "5013" "Umeć coworking 75 workplaces"
#OBJEKT 6 "5014" "La Belle 2.0"
#OBJEKT 6 "5015" "Prison Island"
#OBJEKT 6 "5016" "Umeć / Coworking etapp 3.1+3.2"
#OBJEKT 6 "5017" "Hotel Bishop Arms"
#OBJEKT 6 "5018" "Hotel Elite Arcadia"
#OBJEKT 6 "5019" "Marriott Ulriksdal"
#OBJEKT 6 "5020" "Svava hotel"
#OBJEKT 6 "5021" "Unique Stay hotel Odenplan"
#OBJEKT 6 "5022" "Arvid Nordquist"
#OBJEKT 6 "5023" "Ćland hotel rooms 12+4"
#OBJEKT 6 "7akontor" "7a office package"
#OBJEKT 6 "hkcdyna" "Test hkc dyna"
#OBJEKT 6 "hotel" "Hotel Hudik"
#OBJEKT 6 "inventia" "Inventia NetEnt"
#OBJEKT 6 "lapo" "Laponia Hotel & Konferens"
#OBJEKT 6 "martela" "Martela Oslo"
#OBJEKT 6 "Norstat" "Norstat"
#OBJEKT 6 "Norstat2" "Norstat kompletering"
#OBJEKT 6 "Offert" "Offert"
#OBJEKT 6 "Order2407" "Order 2407 - IPM"
#OBJEKT 6 "Skogs" "Skogshem & Wijk Hotel"
#OBJEKT 6 "SO01124" "Karlaplan /101 Hotel Rooms "
#OBJEKT 6 "SO01880" "SO01880 - Stockholm / Sample room v2"
#OBJEKT 6 "united" "United spaces"
#OBJEKT 6 "X01" "Sälj stockholm"
#OBJEKT 6 "X02" "Sälj Göteborg"
#OBJEKT 6 "X03" "Sälj Malmö"
#OBJEKT 6 "xx" "Bonava"
#OBJEKT 6 "xxVI" "Hotel GS"

#IB 0 1010 3298504 0
#UB 0 1010 3403972 0
#IB 0 1019 -1082165 0
#UB 0 1019 -1185283 0
#IB 0 1030 7824 0
#UB 0 1030 7824 0
#IB 0 1039 -7824 0
#UB 0 1039 -7824 0
#IB 0 1050 96375 0
#UB 0 1050 96375 0
#IB 0 1059 -96375 0
#UB 0 1059 -96375 0
#IB 0 1060 360000 0
#UB 0 1060 360000 0
#IB 0 1068 170116 0
#UB 0 1068 152208 0
#IB 0 1069 -265000 0
#UB 0 1069 -275000 0
#IB 0 1120 82847 0
#UB 0 1120 82847 0
#IB 0 1129 -51088 0
#UB 0 1129 -53850 0
#IB 0 1220 479114 0
#UB 0 1220 479114 0
#IB 0 1229 -233836 0
#UB 0 1229 -247630 0
#IB 0 1250 29283 0
#UB 0 1250 29283 0
#IB 0 1259 -29283 0
#UB 0 1259 -29283 0
#IB 0 1310 26926 0
#UB 0 1310 26926 0
#IB 0 1460 84329 0
#UB 0 1460 154400.61 0
#IB 0 1470 1176804 0
#UB 0 1470 441307 0
#IB 0 1480 959080.67 0
#UB 0 1480 275656.17 0
#IB 0 1510 1726654.52 0
#UB 0 1510 2347907.84 0
#IB 0 1511 -422.36 0
#UB 0 1511 -422.36 0
#IB 0 1519 -106650 0
#UB 0 1519 -106650 0
#IB 0 1630 590 0
#UB 0 1630 1631 0
#IB 0 1662 1148650 0
#UB 0 1662 1148650 0
#IB 0 1684 9741.85 0
#UB 0 1684 13256.44 0
#IB 0 1710 69273.6 0
#UB 0 1710 23091.2 0
#IB 0 1730 18131.38 0
#UB 0 1730 18124.04 0
#IB 0 1790 28540 0
#UB 0 1790 100722 0
#IB 0 1791 0 0
#UB 0 1791 131780 0
#IB 0 1920 295617.6 0
#UB 0 1920 178892.31 0
#IB 0 1921 -331945.03 0
#UB 0 1921 -1021534.77 0
#IB 0 1922 722.72 0
#UB 0 1922 722.72 0
#IB 0 2081 -98100 0
#UB 0 2081 -98100 0
#IB 0 2085 -170116 0
#UB 0 2085 -152208 0
#IB 0 2089 -2216339 0
#UB 0 2089 -2218689 0
#IB 0 2091 4170022.6 0
#UB 0 2091 4172372.6 0
#IB 0 2093 -300000 0
#UB 0 2093 -300000 0
#IB 0 2097 -3137700 0
#UB 0 2097 -3137700 0
#IB 0 2099 -234027.88 0
#UB 0 2099 -234027.88 0
#IB 0 2420 -3258628.39 0
#UB 0 2420 -2913086 0
#IB 0 2440 -743040.53 0
#UB 0 2440 -1060980.02 0
#IB 0 2447 140.13 0
#UB 0 2447 -75.31 0
#IB 0 2460 -900025.97 0
#UB 0 2460 0 0
#IB 0 2510 -76222 0
#UB 0 2510 -76222 0
#IB 0 2514 -48612 0
#UB 0 2514 -55740.08 0
#IB 0 2518 269764 0
#UB 0 2518 318812 0
#IB 0 2610 0 0
#UB 0 2610 0 0
#IB 0 2611 0 0
#UB 0 2611 0 0
#IB 0 2615 0 0
#UB 0 2615 0 0
#IB 0 2618 -89838.75 0
#UB 0 2618 0 0
#IB 0 2641 0 0
#UB 0 2641 513 0
#IB 0 2645 0 0
#UB 0 2645 -0 0
#IB 0 2648 11546 0
#UB 0 2648 5773 0
#IB 0 2650 -609832 0
#UB 0 2650 -531332 0
#IB 0 2710 -41811 0
#UB 0 2710 -41044 0
#IB 0 2731 -55602 0
#UB 0 2731 -55463 0
#IB 0 2820 -3359 0
#UB 0 2820 4701 0
#IB 0 2828 -52904.54 0
#UB 0 2828 0 0
#IB 0 2829 -24690.29 0
#UB 0 2829 -41396.51 0
#IB 0 2830 -5714.14 0
#UB 0 2830 -5714.14 0
#IB 0 2890 -55864 0
#UB 0 2890 -55864 0
#IB 0 2920 -52207.11 0
#UB 0 2920 -68578.77 0
#IB 0 2941 -16403.48 0
#UB 0 2941 -21547.45 0
#IB 0 2960 -13720.6 0
#UB 0 2960 0 0
#IB 0 2970 -12505 0
#UB 0 2970 -12505 0
#IB 0 2990 -98745 0
#UB 0 2990 -316821 0
#PSALDO 0 202501 1010 {} 81210 0
#PSALDO 0 202502 1010 {} 24258 0
#PSALDO 0 202501 1019 {} -51357 0
#PSALDO 0 202502 1019 {} -51761 0
#PSALDO 0 202501 1068 {} -8954 0
#PSALDO 0 202502 1068 {} -8954 0
#PSALDO 0 202501 1069 {} -5000 0
#PSALDO 0 202502 1069 {} -5000 0
#PSALDO 0 202501 1129 {} -1381 0
#PSALDO 0 202502 1129 {} -1381 0
#PSALDO 0 202501 1229 {} -6897 0
#PSALDO 0 202502 1229 {} -6897 0
#PSALDO 0 202502 1460 {} 70071.61 0
#PSALDO 0 202501 1470 {} 75964 0
#PSALDO 0 202502 1470 {} -811461 0
#PSALDO 0 202501 1480 {} -223793.18 0
#PSALDO 0 202502 1480 {} -459631.32 0
#PSALDO 0 202501 1510 {} -766061.14 0
#PSALDO 0 202502 1510 {} 1387314.46 0
#PSALDO 0 202501 1630 {} 19 0
#PSALDO 0 202502 1630 {} 1022 0
#PSALDO 0 202502 1684 {} 3514.59 0
#PSALDO 0 202501 1710 {} -23091.2 0
#PSALDO 0 202502 1710 {} -23091.2 0
#PSALDO 0 202501 1730 {} -5484.67 0
#PSALDO 0 202502 1730 {} 5477.33 0
#PSALDO 0 202501 1790 {} -3610 0
#PSALDO 0 202502 1790 {} 75792 0
#PSALDO 0 202501 1791 {} 117100 0
#PSALDO 0 202502 1791 {} 14680 0
#PSALDO 0 202501 1920 {} 600506.57 0
#PSALDO 0 202502 1920 {} -717231.86 0
#PSALDO 0 202501 1921 {} -22068.25 0
#PSALDO 0 202502 1921 {} -667521.49 0
#PSALDO 0 202501 2085 {} 8954 0
#PSALDO 0 202502 2085 {} 8954 0
#PSALDO 0 202501 2089 {} -29853 0
#PSALDO 0 202502 2089 {} 27503 0
#PSALDO 0 202501 2091 {} 29853 0
#PSALDO 0 202502 2091 {} -27503 0
#PSALDO 0 202501 2420 {} -1154637 0
#PSALDO 0 202502 2420 {} 1500179.39 0
#PSALDO 0 202501 2440 {} -36647.82 0
#PSALDO 0 202502 2440 {} -278726.67 0
#PSALDO 0 202503 2440 {} -2565 0
#PSALDO 0 202501 2447 {} -215.44 0
#PSALDO 0 202501 2460 {} 900025.97 0
#PSALDO 0 202501 2514 {} -3564.04 0
#PSALDO 0 202502 2514 {} -3564.04 0
#PSALDO 0 202501 2518 {} 24524 0
#PSALDO 0 202502 2518 {} 24524 0
#PSALDO 0 202501 2610 {} 0 0
#PSALDO 0 202501 2611 {} 0 0
#PSALDO 0 202502 2611 {} 0 0
#PSALDO 0 202501 2615 {} 0 0
#PSALDO 0 202502 2615 {} 0 0
#PSALDO 0 202501 2618 {} 89838.75 0
#PSALDO 0 202501 2641 {} 0 0
#PSALDO 0 202502 2641 {} -0 0
#PSALDO 0 202503 2641 {} 513 0
#PSALDO 0 202501 2645 {} 0 0
#PSALDO 0 202502 2645 {} -0 0
#PSALDO 0 202501 2648 {} -5773 0
#PSALDO 0 202501 2650 {} -19635 0
#PSALDO 0 202502 2650 {} 98135 0
#PSALDO 0 202501 2710 {} 10701 0
#PSALDO 0 202502 2710 {} -9934 0
#PSALDO 0 202501 2731 {} 11666 0
#PSALDO 0 202502 2731 {} -11527 0
#PSALDO 0 202501 2820 {} 8359 0
#PSALDO 0 202502 2820 {} -299 0
#PSALDO 0 202501 2828 {} 52904.54 0
#PSALDO 0 202502 2829 {} -16706.22 0
#PSALDO 0 202501 2920 {} -11035.33 0
#PSALDO 0 202502 2920 {} -5336.33 0
#PSALDO 0 202501 2941 {} -3467.3 0
#PSALDO 0 202502 2941 {} -1676.67 0
#PSALDO 0 202501 2960 {} 13720.6 0
#PSALDO 0 202501 2970 {} 0 0
#PSALDO 0 202502 2970 {} 0 0
#PSALDO 0 202501 2990 {} -35125 0
#PSALDO 0 202502 2990 {} -182951 0
#PSALDO 0 202502 2999 {} 0 0
#PSALDO 0 202501 3010 {} -1946146 0
#PSALDO 0 202502 3010 {} -886400 0
#PSALDO 0 202502 3015 {} -1060577.65 0
#PSALDO 0 202501 3018 {} -2011.54 0
#PSALDO 0 202502 3018 {} -280130.81 0
#PSALDO 0 202501 3041 {} -10000 0
#PSALDO 0 202502 3041 {} -16000 0
#PSALDO 0 202501 3350 {} 1593832 0
#PSALDO 0 202502 3350 {} 64968.61 0
#PSALDO 0 202501 3740 {} -4.49 0
#PSALDO 0 202502 3740 {} -1.43 0
#PSALDO 0 202501 3850 {} -81210 0
#PSALDO 0 202502 3850 {} -24258 0
#PSALDO 0 202502 3960 {} -9794.41 0
#PSALDO 0 202502 3997 {} -1006 0
#PSALDO 0 202501 4010 {} 81351.34 0
#PSALDO 0 202502 4010 {} 251195.5 0
#PSALDO 0 202501 4025 {} 78509.65 0
#PSALDO 0 202502 4025 {} 175250.01 0
#PSALDO 0 202501 4515 {} 320373.79 0
#PSALDO 0 202502 4515 {} 2194551.8 0
#PSALDO 0 202501 4970 {} -155936 0
#PSALDO 0 202502 4970 {} -847769 0
#PSALDO 0 202501 5010 {} 23091.2 0
#PSALDO 0 202502 5010 {} 23091.2 0
#PSALDO 0 202501 5020 {} 645.66 0
#PSALDO 0 202502 5020 {} 430.41 0
#PSALDO 0 202501 5060 {} 4968 0
#PSALDO 0 202502 5060 {} 3312 0
#PSALDO 0 202501 5220 {} 2904.7 0
#PSALDO 0 202502 5220 {} 2904.8 0
#PSALDO 0 202501 5420 {} 522.46 0
#PSALDO 0 202502 5420 {} 7734.27 0
#PSALDO 0 202501 5421 {} 82245.28 0
#PSALDO 0 202502 5421 {} 24257.71 0
#PSALDO 0 202501 5460 {} 8530.4 0
#PSALDO 0 202502 5460 {} 748.8 0
#PSALDO 0 202502 5800 {} 5686.13 0
#PSALDO 0 202501 5810 {} 188.8 0
#PSALDO 0 202501 5900 {} 19000 0
#PSALDO 0 202502 5900 {} 16000 0
#PSALDO 0 202501 5910 {} 2688.43 0
#PSALDO 0 202502 5910 {} 7076.4 0
#PSALDO 0 202502 6071 {} 1788.8 0
#PSALDO 0 202502 6072 {} 4123.69 0
#PSALDO 0 202501 6212 {} 1610.4 0
#PSALDO 0 202503 6230 {} 2052 0
#PSALDO 0 202502 6250 {} 1012 0
#PSALDO 0 202501 6310 {} 4886.33 0
#PSALDO 0 202502 6310 {} 4886.33 0
#PSALDO 0 202501 6530 {} 19000 0
#PSALDO 0 202502 6530 {} 24823.69 0
#PSALDO 0 202501 6531 {} 994.95 0
#PSALDO 0 202501 6550 {} 12500 0
#PSALDO 0 202502 6550 {} 12500 0
#PSALDO 0 202501 6570 {} 3340.55 0
#PSALDO 0 202502 6570 {} 185.5 0
#PSALDO 0 202501 7210 {} 139837.31 0
#PSALDO 0 202502 7210 {} 176524.18 0
#PSALDO 0 202501 7290 {} 11035.33 0
#PSALDO 0 202502 7290 {} 5336.33 0
#PSALDO 0 202501 7410 {} 14691 0
#PSALDO 0 202502 7410 {} 14691 0
#PSALDO 0 202501 7510 {} 43936 0
#PSALDO 0 202502 7510 {} 55463 0
#PSALDO 0 202501 7519 {} 3467.3 0
#PSALDO 0 202502 7519 {} 1676.67 0
#PSALDO 0 202501 7530 {} 3564.04 0
#PSALDO 0 202502 7530 {} 3564.04 0
#PSALDO 0 202501 7570 {} 76 0
#PSALDO 0 202502 7570 {} 76 0
#PSALDO 0 202501 7621 {} 411.34 0
#PSALDO 0 202502 7621 {} 3695.33 0
#PSALDO 0 202501 7690 {} 1859.13 0
#PSALDO 0 202502 7690 {} 2803.24 0
#PSALDO 0 202501 7811 {} 51357 0
#PSALDO 0 202502 7811 {} 51761 0
#PSALDO 0 202501 7816 {} 5000 0
#PSALDO 0 202502 7816 {} 5000 0
#PSALDO 0 202501 7832 {} 6897 0
#PSALDO 0 202502 7832 {} 6897 0
#PSALDO 0 202501 7840 {} 1381 0
#PSALDO 0 202502 7840 {} 1381 0
#PSALDO 0 202501 7960 {} 2245.44 0
#PSALDO 0 202502 7960 {} 21977.1 0
#PSALDO 0 202501 8314 {} -19 0
#PSALDO 0 202502 8314 {} -16 0
#PSALDO 0 202501 8330 {} 4844.54 0
#PSALDO 0 202502 8330 {} -1691.82 0
#PSALDO 0 202501 8413 {} 35844.6 0
#PSALDO -1 202401 1010 {} 46373 0
#PSALDO -1 202403 1010 {} 30526 0
#PSALDO -1 202404 1010 {} 67571 0
#PSALDO -1 202406 1010 {} 72157 0
#PSALDO -1 202407 1010 {} 41932 0
#PSALDO -1 202408 1010 {} 39852 0
#PSALDO -1 202409 1010 {} 37643 0
#PSALDO -1 202410 1010 {} 21013 0
#PSALDO -1 202411 1010 {} 42327 0
#PSALDO -1 202412 1010 {} 112740 0
#PSALDO -1 202401 1019 {} -42241 0
#PSALDO -1 202402 1019 {} -42241 0
#PSALDO -1 202403 1019 {} -43259 0
#PSALDO -1 202404 1019 {} -44288 0
#PSALDO -1 202405 1019 {} -43877 0
#PSALDO -1 202406 1019 {} -45697 0
#PSALDO -1 202407 1019 {} -45779 0
#PSALDO -1 202408 1019 {} -46443 0
#PSALDO -1 202409 1019 {} -47071 0
#PSALDO -1 202410 1019 {} -47421 0
#PSALDO -1 202411 1019 {} -48127 0
#PSALDO -1 202412 1019 {} -49987 0
#PSALDO -1 202401 1068 {} -8954 0
#PSALDO -1 202402 1068 {} -8954 0
#PSALDO -1 202403 1068 {} -8954 0
#PSALDO -1 202404 1068 {} -8954 0
#PSALDO -1 202405 1068 {} -8954 0
#PSALDO -1 202406 1068 {} -8954 0
#PSALDO -1 202407 1068 {} -8954 0
#PSALDO -1 202408 1068 {} -8954 0
#PSALDO -1 202409 1068 {} -8954 0
#PSALDO -1 202410 1068 {} -8954 0
#PSALDO -1 202411 1068 {} -8954 0
#PSALDO -1 202412 1068 {} -8948 0
#PSALDO -1 202401 1069 {} -5000 0
#PSALDO -1 202402 1069 {} -5000 0
#PSALDO -1 202403 1069 {} -5000 0
#PSALDO -1 202404 1069 {} -5000 0
#PSALDO -1 202405 1069 {} -5000 0
#PSALDO -1 202406 1069 {} -5000 0
#PSALDO -1 202407 1069 {} -5000 0
#PSALDO -1 202408 1069 {} -5000 0
#PSALDO -1 202409 1069 {} -5000 0
#PSALDO -1 202410 1069 {} -5000 0
#PSALDO -1 202411 1069 {} -5000 0
#PSALDO -1 202412 1069 {} -5000 0
#PSALDO -1 202401 1129 {} -1381 0
#PSALDO -1 202402 1129 {} -1381 0
#PSALDO -1 202403 1129 {} -1381 0
#PSALDO -1 202404 1129 {} -1381 0
#PSALDO -1 202405 1129 {} -1381 0
#PSALDO -1 202406 1129 {} -1381 0
#PSALDO -1 202407 1129 {} -1381 0
#PSALDO -1 202408 1129 {} -1381 0
#PSALDO -1 202409 1129 {} -1381 0
#PSALDO -1 202410 1129 {} -1381 0
#PSALDO -1 202411 1129 {} -1381 0
#PSALDO -1 202412 1129 {} -1378 0
#PSALDO -1 202409 1220 {} 156545 0
#PSALDO -1 202401 1229 {} -5376 0
#PSALDO -1 202402 1229 {} -5376 0
#PSALDO -1 202403 1229 {} -5376 0
#PSALDO -1 202404 1229 {} -5376 0
#PSALDO -1 202405 1229 {} -5376 0
#PSALDO -1 202406 1229 {} -5376 0
#PSALDO -1 202407 1229 {} -5376 0
#PSALDO -1 202408 1229 {} -5376 0
#PSALDO -1 202409 1229 {} -7985 0
#PSALDO -1 202410 1229 {} -7985 0
#PSALDO -1 202411 1229 {} -7985 0
#PSALDO -1 202412 1229 {} -7987 0
#PSALDO -1 202402 1460 {} 225652 0
#PSALDO -1 202403 1460 {} -90068.08 0
#PSALDO -1 202404 1460 {} -135583.92 0
#PSALDO -1 202407 1460 {} 221991.25 0
#PSALDO -1 202408 1460 {} -199144.9 0
#PSALDO -1 202409 1460 {} 303405.23 0
#PSALDO -1 202410 1460 {} -326251.58 0
#PSALDO -1 202412 1460 {} -20595 0
#PSALDO -1 202412 1470 {} 1176804 0
#PSALDO -1 202402 1480 {} 49270 0
#PSALDO -1 202403 1480 {} -36609 0
#PSALDO -1 202404 1480 {} 935740.36 0
#PSALDO -1 202405 1480 {} -935740.36 0
#PSALDO -1 202407 1480 {} 21491 0
#PSALDO -1 202408 1480 {} -34152 0
#PSALDO -1 202412 1480 {} 959080.67 0
#PSALDO -1 202401 1510 {} -627085.77 0
#PSALDO -1 202402 1510 {} 426566.73 0
#PSALDO -1 202403 1510 {} 279091.77 0
#PSALDO -1 202404 1510 {} -155305.18 0
#PSALDO -1 202405 1510 {} -38910.34 0
#PSALDO -1 202406 1510 {} -304372.42 0
#PSALDO -1 202407 1510 {} 561140.55 0
#PSALDO -1 202408 1510 {} -914537.59 0
#PSALDO -1 202409 1510 {} -382714 0
#PSALDO -1 202410 1510 {} 434099.69 0
#PSALDO -1 202411 1510 {} 213403.31 0
#PSALDO -1 202412 1510 {} 921356.14 0
#PSALDO -1 202412 1511 {} 15813.77 0
#PSALDO -1 202402 1512 {} 0 0
#PSALDO -1 202405 1512 {} -2875 0
#PSALDO -1 202406 1512 {} 2875 0
#PSALDO -1 202412 1512 {} -26125 0
#PSALDO -1 202401 1517 {} 0 0
#PSALDO -1 202406 1519 {} 22341 0
#PSALDO -1 202403 1610 {} 0 0
#PSALDO -1 202404 1610 {} 0 0
#PSALDO -1 202405 1610 {} 0 0
#PSALDO -1 202401 1630 {} 50 0
#PSALDO -1 202402 1630 {} 1756 0
#PSALDO -1 202403 1630 {} -127 0
#PSALDO -1 202404 1630 {} -927 0
#PSALDO -1 202405 1630 {} 23 0
#PSALDO -1 202406 1630 {} -275 0
#PSALDO -1 202407 1630 {} 38027 0
#PSALDO -1 202408 1630 {} 340 0
#PSALDO -1 202409 1630 {} -38367 0
#PSALDO -1 202410 1630 {} 38 0
#PSALDO -1 202411 1630 {} 38 0
#PSALDO -1 202412 1630 {} 14 0
#PSALDO -1 202412 1662 {} 39050 0
#PSALDO -1 202401 1710 {} -23091.2 0
#PSALDO -1 202402 1710 {} -23091.2 0
#PSALDO -1 202403 1710 {} 46182.4 0
#PSALDO -1 202404 1710 {} -23091.2 0
#PSALDO -1 202405 1710 {} -23091.2 0
#PSALDO -1 202406 1710 {} 46281.8 0
#PSALDO -1 202407 1710 {} -23191 0
#PSALDO -1 202408 1710 {} -23091 0
#PSALDO -1 202409 1710 {} 46182.6 0
#PSALDO -1 202410 1710 {} -23091.2 0
#PSALDO -1 202411 1710 {} -23091.2 0
#PSALDO -1 202412 1710 {} 46182.4 0
#PSALDO -1 202401 1730 {} -4213.69 0
#PSALDO -1 202402 1730 {} -4213.69 0
#PSALDO -1 202403 1730 {} 38098.31 0
#PSALDO -1 202404 1730 {} 4221.38 0
#PSALDO -1 202405 1730 {} -4217.67 0
#PSALDO -1 202406 1730 {} -4217.67 0
#PSALDO -1 202407 1730 {} -4217.67 0
#PSALDO -1 202408 1730 {} -4217.67 0
#PSALDO -1 202409 1730 {} -4217.67 0
#PSALDO -1 202410 1730 {} -4217.67 0
#PSALDO -1 202411 1730 {} -4217.67 0
#PSALDO -1 202412 1730 {} -416.67 0
#PSALDO -1 202401 1760 {} -130.51 0
#PSALDO -1 202401 1790 {} -10369.52 0
#PSALDO -1 202402 1790 {} 4057.48 0
#PSALDO -1 202403 1790 {} 117468.08 0
#PSALDO -1 202404 1790 {} -138207.12 0
#PSALDO -1 202405 1790 {} 4057.48 0
#PSALDO -1 202406 1790 {} -10369.52 0
#PSALDO -1 202407 1790 {} -10369.52 0
#PSALDO -1 202408 1790 {} 9398.3 0
#PSALDO -1 202409 1790 {} -9141.93 0
#PSALDO -1 202410 1790 {} -9119.26 0
#PSALDO -1 202411 1790 {} 21240.73 0
#PSALDO -1 202412 1790 {} -4076.34 0
#PSALDO -1 202401 1791 {} -1500000 0
#PSALDO -1 202403 1791 {} 137675 0
#PSALDO -1 202404 1791 {} -91500 0
#PSALDO -1 202405 1791 {} -46175 0
#PSALDO -1 202408 1791 {} 572697 0
#PSALDO -1 202409 1791 {} -27571 0
#PSALDO -1 202410 1791 {} -310136 0
#PSALDO -1 202411 1791 {} -77712 0
#PSALDO -1 202412 1791 {} -157278 0
#PSALDO -1 202401 1920 {} 96442.7 0
#PSALDO -1 202402 1920 {} 723814.71 0
#PSALDO -1 202403 1920 {} -705278.45 0
#PSALDO -1 202404 1920 {} -32817.33 0
#PSALDO -1 202405 1920 {} 129841.9 0
#PSALDO -1 202406 1920 {} -207720.9 0
#PSALDO -1 202407 1920 {} 316753.49 0
#PSALDO -1 202408 1920 {} -512906.21 0
#PSALDO -1 202409 1920 {} -321044.99 0
#PSALDO -1 202410 1920 {} 1153043.45 0
#PSALDO -1 202411 1920 {} 855771.88 0
#PSALDO -1 202412 1920 {} -1500865.49 0
#PSALDO -1 202401 1921 {} 199366.96 0
#PSALDO -1 202402 1921 {} -96572.65 0
#PSALDO -1 202403 1921 {} -43572.03 0
#PSALDO -1 202404 1921 {} -685153.47 0
#PSALDO -1 202405 1921 {} 1136967.43 0
#PSALDO -1 202406 1921 {} -340886.7 0
#PSALDO -1 202407 1921 {} -175466.21 0
#PSALDO -1 202408 1921 {} -141639.17 0
#PSALDO -1 202409 1921 {} -273347.23 0
#PSALDO -1 202410 1921 {} -1018723.04 0
#PSALDO -1 202411 1921 {} 709418.01 0
#PSALDO -1 202412 1921 {} 551125.97 0
#PSALDO -1 202401 1922 {} 0 0
#PSALDO -1 202412 1922 {} 675.6 0
#PSALDO -1 202401 2085 {} 8954 0
#PSALDO -1 202402 2085 {} 8954 0
#PSALDO -1 202403 2085 {} 8954 0
#PSALDO -1 202404 2085 {} 8954 0
#PSALDO -1 202405 2085 {} 8954 0
#PSALDO -1 202406 2085 {} 8954 0
#PSALDO -1 202407 2085 {} 8954 0
#PSALDO -1 202408 2085 {} 8954 0
#PSALDO -1 202409 2085 {} 8954 0
#PSALDO -1 202410 2085 {} 8954 0
#PSALDO -1 202411 2085 {} 8954 0
#PSALDO -1 202412 2085 {} 8948 0
#PSALDO -1 202402 2089 {} 38109 0
#PSALDO -1 202403 2089 {} 12733 0
#PSALDO -1 202404 2089 {} -23283 0
#PSALDO -1 202405 2089 {} 43877 0
#PSALDO -1 202406 2089 {} -26460 0
#PSALDO -1 202407 2089 {} 3847 0
#PSALDO -1 202408 2089 {} 6591 0
#PSALDO -1 202409 2089 {} 9428 0
#PSALDO -1 202410 2089 {} 26408 0
#PSALDO -1 202411 2089 {} 5800 0
#PSALDO -1 202412 2089 {} -62753 0
#PSALDO -1 202402 2091 {} -38109 0
#PSALDO -1 202403 2091 {} -12733 0
#PSALDO -1 202404 2091 {} 23283 0
#PSALDO -1 202405 2091 {} -43877 0
#PSALDO -1 202406 2091 {} -906776.89 0
#PSALDO -1 202407 2091 {} -3847 0
#PSALDO -1 202408 2091 {} -6591 0
#PSALDO -1 202409 2091 {} -9428 0
#PSALDO -1 202410 2091 {} -26408 0
#PSALDO -1 202411 2091 {} -5800 0
#PSALDO -1 202412 2091 {} 62753 0
#PSALDO -1 202406 2099 {} 933236.89 0
#PSALDO -1 202412 2099 {} -234027.88 0
#PSALDO -1 202412 2420 {} -3258628.39 0
#PSALDO -1 202401 2440 {} 119140.52 0
#PSALDO -1 202402 2440 {} -901194.72 0
#PSALDO -1 202403 2440 {} -100285.01 0
#PSALDO -1 202404 2440 {} 188684.33 0
#PSALDO -1 202405 2440 {} 523256.74 0
#PSALDO -1 202406 2440 {} 211782.84 0
#PSALDO -1 202407 2440 {} -405965.61 0
#PSALDO -1 202408 2440 {} -336673.02 0
#PSALDO -1 202409 2440 {} -10593.04 0
#PSALDO -1 202410 2440 {} 1014474.59 0
#PSALDO -1 202411 2440 {} -92012 0
#PSALDO -1 202412 2440 {} -442511.79 0
#PSALDO -1 202412 2447 {} 42.59 0
#PSALDO -1 202401 2450 {} 2013892 0
#PSALDO -1 202402 2450 {} 492464.92 0
#PSALDO -1 202403 2450 {} -455780 0
#PSALDO -1 202404 2450 {} 440564 0
#PSALDO -1 202405 2450 {} 490180 0
#PSALDO -1 202406 2450 {} -313424 0
#PSALDO -1 202407 2450 {} -116725 0
#PSALDO -1 202408 2450 {} 572069 0
#PSALDO -1 202412 2460 {} -900025.97 0
#PSALDO -1 202412 2510 {} -75775 0
#PSALDO -1 202401 2514 {} -4484.95 0
#PSALDO -1 202402 2514 {} -4484.95 0
#PSALDO -1 202403 2514 {} -4484.95 0
#PSALDO -1 202404 2514 {} -4484.95 0
#PSALDO -1 202405 2514 {} -4484.95 0
#PSALDO -1 202406 2514 {} -4484.95 0
#PSALDO -1 202407 2514 {} -4484.95 0
#PSALDO -1 202408 2514 {} -4484.95 0
#PSALDO -1 202409 2514 {} -4484.95 0
#PSALDO -1 202410 2514 {} -2486.65 0
#PSALDO -1 202411 2514 {} -4063.55 0
#PSALDO -1 202412 2514 {} 49627.75 0
#PSALDO -1 202401 2518 {} 24524 0
#PSALDO -1 202402 2518 {} 24524 0
#PSALDO -1 202403 2518 {} 24524 0
#PSALDO -1 202404 2518 {} 24524 0
#PSALDO -1 202405 2518 {} 24524 0
#PSALDO -1 202406 2518 {} -217992 0
#PSALDO -1 202407 2518 {} 24524 0
#PSALDO -1 202408 2518 {} 24524 0
#PSALDO -1 202409 2518 {} 24524 0
#PSALDO -1 202410 2518 {} 24524 0
#PSALDO -1 202411 2518 {} 24524 0
#PSALDO -1 202412 2518 {} -27248 0
#PSALDO -1 202404 2610 {} 0 0
#PSALDO -1 202401 2611 {} 0 0
#PSALDO -1 202402 2611 {} 0 0
#PSALDO -1 202403 2611 {} 0 0
#PSALDO -1 202404 2611 {} 0 0
#PSALDO -1 202405 2611 {} 0 0
#PSALDO -1 202406 2611 {} 0 0
#PSALDO -1 202407 2611 {} 0 0
#PSALDO -1 202408 2611 {} 0 0
#PSALDO -1 202409 2611 {} 0 0
#PSALDO -1 202410 2611 {} 0 0
#PSALDO -1 202411 2611 {} 0 0
#PSALDO -1 202412 2611 {} 0 0
#PSALDO -1 202401 2614 {} 0 0
#PSALDO -1 202403 2614 {} 0 0
#PSALDO -1 202404 2614 {} 0 0
#PSALDO -1 202405 2614 {} 0 0
#PSALDO -1 202407 2614 {} 0 0
#PSALDO -1 202411 2614 {} 0 0
#PSALDO -1 202412 2614 {} 0 0
#PSALDO -1 202401 2615 {} 0 0
#PSALDO -1 202402 2615 {} -0 0
#PSALDO -1 202403 2615 {} 0 0
#PSALDO -1 202404 2615 {} 0 0
#PSALDO -1 202405 2615 {} 0 0
#PSALDO -1 202406 2615 {} -0 0
#PSALDO -1 202407 2615 {} 0 0
#PSALDO -1 202408 2615 {} 0 0
#PSALDO -1 202409 2615 {} 0 0
#PSALDO -1 202410 2615 {} -0 0
#PSALDO -1 202411 2615 {} -0 0
#PSALDO -1 202412 2615 {} 0 0
#PSALDO -1 202403 2618 {} -91149.5 0
#PSALDO -1 202404 2618 {} 91149.5 0
#PSALDO -1 202405 2618 {} -31480 0
#PSALDO -1 202407 2618 {} -29181.25 0
#PSALDO -1 202408 2618 {} 60661.25 0
#PSALDO -1 202410 2618 {} -34783.75 0
#PSALDO -1 202411 2618 {} 34783.75 0
#PSALDO -1 202412 2618 {} -89838.75 0
#PSALDO -1 202406 2640 {} 0 0
#PSALDO -1 202401 2641 {} -0 0
#PSALDO -1 202402 2641 {} -0 0
#PSALDO -1 202403 2641 {} -0 0
#PSALDO -1 202404 2641 {} -0 0
#PSALDO -1 202405 2641 {} 0 0
#PSALDO -1 202406 2641 {} 0 0
#PSALDO -1 202407 2641 {} 0 0
#PSALDO -1 202408 2641 {} 0 0
#PSALDO -1 202409 2641 {} 0 0
#PSALDO -1 202410 2641 {} 0 0
#PSALDO -1 202411 2641 {} -0 0
#PSALDO -1 202412 2641 {} -0 0
#PSALDO -1 202401 2645 {} 0 0
#PSALDO -1 202402 2645 {} 0 0
#PSALDO -1 202403 2645 {} 0 0
#PSALDO -1 202404 2645 {} 0 0
#PSALDO -1 202405 2645 {} 0 0
#PSALDO -1 202406 2645 {} 0 0
#PSALDO -1 202407 2645 {} 0 0
#PSALDO -1 202408 2645 {} -0 0
#PSALDO -1 202409 2645 {} 0 0
#PSALDO -1 202410 2645 {} 0 0
#PSALDO -1 202411 2645 {} 0 0
#PSALDO -1 202412 2645 {} 0 0
#PSALDO -1 202401 2648 {} -5772.8 0
#PSALDO -1 202402 2648 {} -5772.8 0
#PSALDO -1 202403 2648 {} 11545.6 0
#PSALDO -1 202405 2648 {} -11545.6 0
#PSALDO -1 202406 2648 {} 11546 0
#PSALDO -1 202407 2648 {} -5773 0
#PSALDO -1 202408 2648 {} -5773 0
#PSALDO -1 202409 2648 {} 11545.6 0
#PSALDO -1 202410 2648 {} -5046.7 0
#PSALDO -1 202411 2648 {} -6498.9 0
#PSALDO -1 202412 2648 {} 11546 0
#PSALDO -1 202401 2650 {} -736370 0
#PSALDO -1 202402 2650 {} -9992 0
#PSALDO -1 202403 2650 {} 691720 0
#PSALDO -1 202404 2650 {} -165319 0
#PSALDO -1 202405 2650 {} -293175 0
#PSALDO -1 202406 2650 {} 288795 0
#PSALDO -1 202407 2650 {} 211524 0
#PSALDO -1 202408 2650 {} 20193 0
#PSALDO -1 202409 2650 {} 123586 0
#PSALDO -1 202410 2650 {} -234092 0
#PSALDO -1 202411 2650 {} -231979 0
#PSALDO -1 202412 2650 {} 121126 0
#PSALDO -1 202401 2710 {} 222900 0
#PSALDO -1 202402 2710 {} -1953 0
#PSALDO -1 202403 2710 {} -658 0
#PSALDO -1 202404 2710 {} -340 0
#PSALDO -1 202405 2710 {} -3771 0
#PSALDO -1 202406 2710 {} -2763 0
#PSALDO -1 202407 2710 {} 5995 0
#PSALDO -1 202408 2710 {} -5310 0
#PSALDO -1 202409 2710 {} -2814 0
#PSALDO -1 202410 2710 {} 12298 0
#PSALDO -1 202411 2710 {} -60433 0
#PSALDO -1 202412 2710 {} 62315 0
#PSALDO -1 202401 2731 {} 157562 0
#PSALDO -1 202402 2731 {} -2431 0
#PSALDO -1 202403 2731 {} -254 0
#PSALDO -1 202404 2731 {} -728 0
#PSALDO -1 202405 2731 {} -6212 0
#PSALDO -1 202406 2731 {} -1344 0
#PSALDO -1 202407 2731 {} 8558 0
#PSALDO -1 202408 2731 {} -8963 0
#PSALDO -1 202409 2731 {} -3754 0
#PSALDO -1 202410 2731 {} 16251 0
#PSALDO -1 202411 2731 {} -56728 0
#PSALDO -1 202412 2731 {} 61718 0
#PSALDO -1 202401 2820 {} -6122.04 0
#PSALDO -1 202402 2820 {} 6122.04 0
#PSALDO -1 202403 2820 {} -4318.1 0
#PSALDO -1 202404 2820 {} -8741.52 0
#PSALDO -1 202405 2820 {} 13400.62 0
#PSALDO -1 202406 2820 {} -4978.4 0
#PSALDO -1 202407 2820 {} 4978.4 0
#PSALDO -1 202409 2820 {} -1347.95 0
#PSALDO -1 202410 2820 {} 1347.95 0
#PSALDO -1 202411 2820 {} -1262.8 0
#PSALDO -1 202412 2820 {} -2096.2 0
#PSALDO -1 202403 2828 {} 0 0
#PSALDO -1 202405 2828 {} 0 0
#PSALDO -1 202411 2828 {} -28200.06 0
#PSALDO -1 202412 2828 {} -24051.28 0
#PSALDO -1 202403 2829 {} -7554.8 0
#PSALDO -1 202407 2829 {} 0 0
#PSALDO -1 202411 2829 {} 0.01 0
#PSALDO -1 202412 2829 {} 0 0
#PSALDO -1 202401 2890 {} 569001 0
#PSALDO -1 202404 2890 {} 0 0
#PSALDO -1 202405 2890 {} 0 0
#PSALDO -1 202401 2920 {} -21183.45 0
#PSALDO -1 202402 2920 {} -12512.7 0
#PSALDO -1 202403 2920 {} -12512.7 0
#PSALDO -1 202404 2920 {} -13338.83 0
#PSALDO -1 202405 2920 {} -27710.2 0
#PSALDO -1 202406 2920 {} -12030.24 0
#PSALDO -1 202407 2920 {} -17005.75 0
#PSALDO -1 202408 2920 {} 18509.15 0
#PSALDO -1 202409 2920 {} 9379.08 0
#PSALDO -1 202410 2920 {} -7356.89 0
#PSALDO -1 202411 2920 {} 192325.14 0
#PSALDO -1 202412 2920 {} 1725.87 0
#PSALDO -1 202401 2941 {} -6655.83 0
#PSALDO -1 202402 2941 {} -3931.49 0
#PSALDO -1 202403 2941 {} -3931.49 0
#PSALDO -1 202404 2941 {} -4191.07 0
#PSALDO -1 202405 2941 {} -8706.55 0
#PSALDO -1 202406 2941 {} -3779.95 0
#PSALDO -1 202407 2941 {} -5343.13 0
#PSALDO -1 202408 2941 {} 5815.56 0
#PSALDO -1 202409 2941 {} 2946.89 0
#PSALDO -1 202410 2941 {} -2311.54 0
#PSALDO -1 202411 2941 {} 60428.59 0
#PSALDO -1 202412 2941 {} 542.27 0
#PSALDO -1 202401 2960 {} 10369.38 0
#PSALDO -1 202404 2960 {} 1766.58 0
#PSALDO -1 202405 2960 {} -1766.58 0
#PSALDO -1 202412 2960 {} -13720.6 0
#PSALDO -1 202401 2970 {} -48347 0
#PSALDO -1 202402 2970 {} -330024 0
#PSALDO -1 202403 2970 {} 12505 0
#PSALDO -1 202405 2970 {} -365675 0
#PSALDO -1 202406 2970 {} 30294 0
#PSALDO -1 202407 2970 {} 126919 0
#PSALDO -1 202408 2970 {} 171900 0
#PSALDO -1 202409 2970 {} -35263 0
#PSALDO -1 202410 2970 {} -868767 0
#PSALDO -1 202411 2970 {} -1798744.39 0
#PSALDO -1 202412 2970 {} 3092697.39 0
#PSALDO -1 202401 2990 {} 51176 0
#PSALDO -1 202403 2990 {} -56949 0
#PSALDO -1 202404 2990 {} 56949 0
#PSALDO -1 202407 2990 {} -812951.54 0
#PSALDO -1 202408 2990 {} 787951.54 0
#PSALDO -1 202409 2990 {} -12500 0
#PSALDO -1 202410 2990 {} -72365.22 0
#PSALDO -1 202411 2990 {} 103615.22 0
#PSALDO -1 202412 2990 {} -11420 0
#PSALDO -1 202403 2999 {} 0 0
#PSALDO -1 202404 2999 {} -1856 0
#PSALDO -1 202406 2999 {} 1856 0
#PSALDO -1 202408 2999 {} 0 0
#PSALDO -1 202409 2999 {} 16740 0
#PSALDO -1 202411 2999 {} -10000 0
#PSALDO -1 202412 2999 {} -6740 0
#PSALDO -1 202408 3004 {} 0 0
#PSALDO -1 202401 3010 {} -3799735 0
#PSALDO -1 202402 3010 {} -1490882 0
#PSALDO -1 202403 3010 {} -1647415 0
#PSALDO -1 202404 3010 {} -1721894.5 0
#PSALDO -1 202405 3010 {} -2505241 0
#PSALDO -1 202406 3010 {} -477558 0
#PSALDO -1 202407 3010 {} -1532410 0
#PSALDO -1 202408 3010 {} -713566 0
#PSALDO -1 202409 3010 {} -803130 0
#PSALDO -1 202410 3010 {} -1468974 0
#PSALDO -1 202411 3010 {} -1756506 0
#PSALDO -1 202412 3010 {} -1422472 0
#PSALDO -1 202402 3015 {} -1695325.19 0
#PSALDO -1 202404 3015 {} -67854.4 0
#PSALDO -1 202406 3015 {} -59500 0
#PSALDO -1 202411 3015 {} -1090438.39 0
#PSALDO -1 202402 3016 {} 0 0
#PSALDO -1 202407 3016 {} -128928 0
#PSALDO -1 202408 3016 {} -22200 0
#PSALDO -1 202409 3016 {} -3900 0
#PSALDO -1 202401 3018 {} -112464.79 0
#PSALDO -1 202402 3018 {} -262809.46 0
#PSALDO -1 202403 3018 {} -93490.8 0
#PSALDO -1 202404 3018 {} -5887.4 0
#PSALDO -1 202405 3018 {} -218147.46 0
#PSALDO -1 202406 3018 {} -46795.04 0
#PSALDO -1 202407 3018 {} -184244.59 0
#PSALDO -1 202410 3018 {} -189394.69 0
#PSALDO -1 202412 3018 {} -1478.14 0
#PSALDO -1 202406 3041 {} -29200 0
#PSALDO -1 202407 3041 {} -53200 0
#PSALDO -1 202409 3041 {} -61120 0
#PSALDO -1 202410 3041 {} -63680 0
#PSALDO -1 202411 3041 {} -49500 0
#PSALDO -1 202412 3041 {} -100000 0
#PSALDO -1 202401 3350 {} 1548347 0
#PSALDO -1 202402 3350 {} 330024 0
#PSALDO -1 202403 3350 {} 557886 0
#PSALDO -1 202404 3350 {} 15534.5 0
#PSALDO -1 202405 3350 {} -204250 0
#PSALDO -1 202406 3350 {} 299130 0
#PSALDO -1 202407 3350 {} -126919 0
#PSALDO -1 202408 3350 {} -1074021 0
#PSALDO -1 202409 3350 {} 62834 0
#PSALDO -1 202410 3350 {} 1024137 0
#PSALDO -1 202411 3350 {} 2031222.39 0
#PSALDO -1 202412 3350 {} -2884309 0
#PSALDO -1 202406 3351 {} -16000 0
#PSALDO -1 202406 3540 {} 0 0
#PSALDO -1 202409 3540 {} -450 0
#PSALDO -1 202401 3740 {} -0.73 0
#PSALDO -1 202402 3740 {} -13.93 0
#PSALDO -1 202403 3740 {} 10.06 0
#PSALDO -1 202404 3740 {} -6.56 0
#PSALDO -1 202405 3740 {} -18.71 0
#PSALDO -1 202406 3740 {} -3.1 0
#PSALDO -1 202407 3740 {} -4.71 0
#PSALDO -1 202408 3740 {} -5.64 0
#PSALDO -1 202409 3740 {} -4.1 0
#PSALDO -1 202410 3740 {} -7.53 0
#PSALDO -1 202411 3740 {} -6.1 0
#PSALDO -1 202412 3740 {} -17.27 0
#PSALDO -1 202401 3850 {} -46372.81 0
#PSALDO -1 202403 3850 {} -30526 0
#PSALDO -1 202404 3850 {} -67571 0
#PSALDO -1 202406 3850 {} -72156.64 0
#PSALDO -1 202407 3850 {} -41932 0
#PSALDO -1 202408 3850 {} -39852 0
#PSALDO -1 202409 3850 {} -37643 0
#PSALDO -1 202410 3850 {} -21013 0
#PSALDO -1 202411 3850 {} -42327 0
#PSALDO -1 202412 3850 {} -112740 0
#PSALDO -1 202401 3960 {} -134.55 0
#PSALDO -1 202402 3960 {} -7822.39 0
#PSALDO -1 202403 3960 {} -42.24 0
#PSALDO -1 202404 3960 {} -3034.82 0
#PSALDO -1 202405 3960 {} -7790.94 0
#PSALDO -1 202406 3960 {} -10111.28 0
#PSALDO -1 202407 3960 {} -5935.78 0
#PSALDO -1 202408 3960 {} -5570.71 0
#PSALDO -1 202409 3960 {} -746.76 0
#PSALDO -1 202411 3960 {} -8187.69 0
#PSALDO -1 202412 3960 {} -55979.83 0
#PSALDO -1 202401 4010 {} 65622.08 0
#PSALDO -1 202402 4010 {} 380821.55 0
#PSALDO -1 202403 4010 {} 199190.03 0
#PSALDO -1 202404 4010 {} 88460 0
#PSALDO -1 202405 4010 {} 173635.59 0
#PSALDO -1 202406 4010 {} 20772.4 0
#PSALDO -1 202407 4010 {} 455225.8 0
#PSALDO -1 202408 4010 {} 65162.5 0
#PSALDO -1 202409 4010 {} 70152.67 0
#PSALDO -1 202410 4010 {} 114349.48 0
#PSALDO -1 202411 4010 {} -24251.62 0
#PSALDO -1 202412 4010 {} 223009.16 0
#PSALDO -1 202402 4012 {} 41240.8 0
#PSALDO -1 202403 4012 {} 800 0
#PSALDO -1 202404 4012 {} 118.5 0
#PSALDO -1 202409 4012 {} 14568 0
#PSALDO -1 202410 4015 {} 175.25 0
#PSALDO -1 202401 4025 {} 102400 0
#PSALDO -1 202402 4025 {} 10471.2 0
#PSALDO -1 202403 4025 {} 56776.31 0
#PSALDO -1 202404 4025 {} 149396.8 0
#PSALDO -1 202405 4025 {} 53085.75 0
#PSALDO -1 202406 4025 {} 30328.8 0
#PSALDO -1 202407 4025 {} 29343.96 0
#PSALDO -1 202408 4025 {} 163892.05 0
#PSALDO -1 202409 4025 {} 50471.04 0
#PSALDO -1 202410 4025 {} 47077.5 0
#PSALDO -1 202411 4025 {} 17576.8 0
#PSALDO -1 202412 4025 {} 110145.6 0
#PSALDO -1 202403 4040 {} 164348.8 0
#PSALDO -1 202412 4040 {} 176272 0
#PSALDO -1 202401 4515 {} 1221388.35 0
#PSALDO -1 202402 4515 {} 1933221.65 0
#PSALDO -1 202403 4515 {} 330637.29 0
#PSALDO -1 202404 4515 {} 658139.11 0
#PSALDO -1 202405 4515 {} 1602462.58 0
#PSALDO -1 202406 4515 {} 601431 0
#PSALDO -1 202407 4515 {} 467228.37 0
#PSALDO -1 202408 4515 {} 1705079.1 0
#PSALDO -1 202409 4515 {} 1056085.47 0
#PSALDO -1 202410 4515 {} 41867.28 0
#PSALDO -1 202411 4515 {} 597299.61 0
#PSALDO -1 202412 4515 {} 1162148.24 0
#PSALDO -1 202403 4535 {} -2416.53 0
#PSALDO -1 202409 4535 {} 2909.73 0
#PSALDO -1 202412 4535 {} 1843.95 0
#PSALDO -1 202407 4599 {} 800451.54 0
#PSALDO -1 202408 4599 {} -800451.54 0
#PSALDO -1 202409 4599 {} -156544.61 0
#PSALDO -1 202412 4599 {} -375390.31 0
#PSALDO -1 202402 4600 {} 117800 0
#PSALDO -1 202403 4600 {} 720 0
#PSALDO -1 202404 4600 {} 144 0
#PSALDO -1 202406 4600 {} 4900 0
#PSALDO -1 202409 4600 {} 37270.4 0
#PSALDO -1 202412 4600 {} 35000 0
#PSALDO -1 202402 4960 {} -225652 0
#PSALDO -1 202403 4960 {} 147017.08 0
#PSALDO -1 202404 4960 {} 78634.92 0
#PSALDO -1 202407 4960 {} -199144.9 0
#PSALDO -1 202408 4960 {} 199144.9 0
#PSALDO -1 202409 4960 {} -303405.23 0
#PSALDO -1 202410 4960 {} 303405.23 0
#PSALDO -1 202412 4960 {} 20595 0
#PSALDO -1 202412 4970 {} 1671359 0
#PSALDO -1 202401 5010 {} 23091.2 0
#PSALDO -1 202402 5010 {} 23091.2 0
#PSALDO -1 202403 5010 {} 23091.2 0
#PSALDO -1 202404 5010 {} 23091.2 0
#PSALDO -1 202405 5010 {} 23091.2 0
#PSALDO -1 202406 5010 {} 23091.2 0
#PSALDO -1 202407 5010 {} 23191 0
#PSALDO -1 202408 5010 {} 23091 0
#PSALDO -1 202409 5010 {} 23091 0
#PSALDO -1 202410 5010 {} 23091.2 0
#PSALDO -1 202411 5010 {} 23091.2 0
#PSALDO -1 202412 5010 {} 23091.2 0
#PSALDO -1 202401 5020 {} 845.69 0
#PSALDO -1 202402 5020 {} 474.23 0
#PSALDO -1 202403 5020 {} 647.99 0
#PSALDO -1 202404 5020 {} 424.91 0
#PSALDO -1 202405 5020 {} 652 0
#PSALDO -1 202406 5020 {} 414.4 0
#PSALDO -1 202407 5020 {} 532.73 0
#PSALDO -1 202408 5020 {} 370.47 0
#PSALDO -1 202409 5020 {} 553.55 0
#PSALDO -1 202410 5020 {} 375.2 0
#PSALDO -1 202411 5020 {} 588.8 0
#PSALDO -1 202412 5020 {} 438.32 0
#PSALDO -1 202401 5060 {} 3256 0
#PSALDO -1 202402 5060 {} 3256 0
#PSALDO -1 202403 5060 {} 4884 0
#PSALDO -1 202404 5060 {} 3256 0
#PSALDO -1 202405 5060 {} 3256 0
#PSALDO -1 202406 5060 {} 3256 0
#PSALDO -1 202407 5060 {} 3256 0
#PSALDO -1 202408 5060 {} 4884 0
#PSALDO -1 202409 5060 {} 3256 0
#PSALDO -1 202410 5060 {} 3256 0
#PSALDO -1 202411 5060 {} 3256 0
#PSALDO -1 202412 5060 {} 3256 0
#PSALDO -1 202410 5090 {} 8891.2 0
#PSALDO -1 202403 5220 {} 3097.65 0
#PSALDO -1 202405 5220 {} 5960 0
#PSALDO -1 202406 5220 {} 5497.56 0
#PSALDO -1 202407 5220 {} 2904.7 0
#PSALDO -1 202408 5220 {} 2904.8 0
#PSALDO -1 202409 5220 {} 5480 0
#PSALDO -1 202410 5220 {} 2904.7 0
#PSALDO -1 202411 5220 {} 2904.8 0
#PSALDO -1 202412 5220 {} 5453.51 0
#PSALDO -1 202411 5410 {} 12759.2 0
#PSALDO -1 202401 5420 {} 4815.22 0
#PSALDO -1 202402 5420 {} 10141.59 0
#PSALDO -1 202403 5420 {} 4845.52 0
#PSALDO -1 202404 5420 {} 4900.82 0
#PSALDO -1 202405 5420 {} 10128.72 0
#PSALDO -1 202406 5420 {} 4507.33 0
#PSALDO -1 202407 5420 {} 3234.52 0
#PSALDO -1 202408 5420 {} 3224.94 0
#PSALDO -1 202409 5420 {} 2029.33 0
#PSALDO -1 202410 5420 {} 2052.63 0
#PSALDO -1 202411 5420 {} 7500.53 0
#PSALDO -1 202412 5420 {} 113103.2 0
#PSALDO -1 202401 5421 {} 46372.81 0
#PSALDO -1 202403 5421 {} 44601.65 0
#PSALDO -1 202404 5421 {} 67571.39 0
#PSALDO -1 202405 5421 {} 25658.35 0
#PSALDO -1 202406 5421 {} 72156.64 0
#PSALDO -1 202407 5421 {} 42582.06 0
#PSALDO -1 202408 5421 {} 39852.1 0
#PSALDO -1 202409 5421 {} 40898.32 0
#PSALDO -1 202410 5421 {} 23874.59 0
#PSALDO -1 202411 5421 {} 47984.38 0
#PSALDO -1 202412 5421 {} 24151.26 0
#PSALDO -1 202401 5460 {} 5215.43 0
#PSALDO -1 202402 5460 {} 8314.5 0
#PSALDO -1 202403 5460 {} 16208.52 0
#PSALDO -1 202404 5460 {} 24983.76 0
#PSALDO -1 202405 5460 {} 5776.12 0
#PSALDO -1 202406 5460 {} 2514.5 0
#PSALDO -1 202407 5460 {} 1552.94 0
#PSALDO -1 202408 5460 {} 3083.2 0
#PSALDO -1 202409 5460 {} 606.6 0
#PSALDO -1 202410 5460 {} 1816.05 0
#PSALDO -1 202411 5460 {} 20601.36 0
#PSALDO -1 202412 5460 {} 2650.71 0
#PSALDO -1 202408 5710 {} 337.6 0
#PSALDO -1 202403 5800 {} 17402.15 0
#PSALDO -1 202404 5800 {} 7418.49 0
#PSALDO -1 202405 5800 {} 6499.83 0
#PSALDO -1 202407 5800 {} 5730.06 0
#PSALDO -1 202411 5800 {} 17073.02 0
#PSALDO -1 202412 5800 {} 8208.26 0
#PSALDO -1 202404 5831 {} 475.11 0
#PSALDO -1 202405 5831 {} 2000 0
#PSALDO -1 202412 5831 {} 186.12 0
#PSALDO -1 202401 5910 {} 5986.05 0
#PSALDO -1 202402 5910 {} 6719.6 0
#PSALDO -1 202403 5910 {} 3162.72 0
#PSALDO -1 202404 5910 {} 4495.67 0
#PSALDO -1 202405 5910 {} 5498 0
#PSALDO -1 202406 5910 {} 3558.79 0
#PSALDO -1 202407 5910 {} 4046.8 0
#PSALDO -1 202408 5910 {} 9431.6 0
#PSALDO -1 202409 5910 {} 9040.35 0
#PSALDO -1 202410 5910 {} 4363.6 0
#PSALDO -1 202411 5910 {} 3453.2 0
#PSALDO -1 202412 5910 {} 3448.8 0
#PSALDO -1 202411 5911 {} 1308.19 0
#PSALDO -1 202412 5911 {} 3943.03 0
#PSALDO -1 202412 5940 {} 2950.5 0
#PSALDO -1 202403 6071 {} 150 0
#PSALDO -1 202407 6071 {} 1373.81 0
#PSALDO -1 202411 6071 {} 1006.97 0
#PSALDO -1 202401 6072 {} 557 0
#PSALDO -1 202403 6072 {} 2706.49 0
#PSALDO -1 202405 6072 {} 9990.5 0
#PSALDO -1 202407 6072 {} 8788.48 0
#PSALDO -1 202409 6072 {} 1456.61 0
#PSALDO -1 202411 6072 {} 11734.09 0
#PSALDO -1 202412 6072 {} 5532.04 0
#PSALDO -1 202401 6212 {} 9142.62 0
#PSALDO -1 202403 6212 {} 1848 0
#PSALDO -1 202404 6212 {} 12014.71 0
#PSALDO -1 202406 6212 {} 1848 0
#PSALDO -1 202407 6212 {} 11612 0
#PSALDO -1 202409 6212 {} 994.4 0
#PSALDO -1 202410 6212 {} 10992 0
#PSALDO -1 202412 6212 {} 3564.07 0
#PSALDO -1 202403 6230 {} 9675 0
#PSALDO -1 202404 6230 {} 4428 0
#PSALDO -1 202406 6230 {} 4352 0
#PSALDO -1 202409 6230 {} 4658 0
#PSALDO -1 202410 6230 {} 108 0
#PSALDO -1 202412 6230 {} 4449 0
#PSALDO -1 202402 6250 {} 317.6 0
#PSALDO -1 202404 6250 {} 1299.2 0
#PSALDO -1 202407 6250 {} 136 0
#PSALDO -1 202411 6250 {} 136 0
#PSALDO -1 202412 6250 {} 136 0
#PSALDO -1 202401 6310 {} 4213.69 0
#PSALDO -1 202402 6310 {} 4213.69 0
#PSALDO -1 202403 6310 {} 4213.69 0
#PSALDO -1 202404 6310 {} 4747.36 0
#PSALDO -1 202405 6310 {} 4886.33 0
#PSALDO -1 202406 6310 {} 4886.33 0
#PSALDO -1 202407 6310 {} 4886.33 0
#PSALDO -1 202408 6310 {} 4886.33 0
#PSALDO -1 202409 6310 {} 4886.33 0
#PSALDO -1 202410 6310 {} 4886.33 0
#PSALDO -1 202411 6310 {} 4886.33 0
#PSALDO -1 202412 6310 {} 4886.33 0
#PSALDO -1 202406 6350 {} -22341 0
#PSALDO -1 202412 6351 {} 20900 0
#PSALDO -1 202403 6420 {} 34124.75 0
#PSALDO -1 202401 6530 {} 21075.2 0
#PSALDO -1 202402 6530 {} 22737.62 0
#PSALDO -1 202403 6530 {} 28452.87 0
#PSALDO -1 202404 6530 {} 24994.95 0
#PSALDO -1 202405 6530 {} 19000 0
#PSALDO -1 202406 6530 {} 30985.05 0
#PSALDO -1 202407 6530 {} 19000 0
#PSALDO -1 202408 6530 {} 19000 0
#PSALDO -1 202409 6530 {} 19000 0
#PSALDO -1 202410 6530 {} 19000 0
#PSALDO -1 202411 6530 {} 19000 0
#PSALDO -1 202412 6530 {} 17920 0
#PSALDO -1 202408 6531 {} 1878.75 0
#PSALDO -1 202405 6550 {} 75000 0
#PSALDO -1 202407 6550 {} 41300 0
#PSALDO -1 202408 6550 {} 17140 0
#PSALDO -1 202409 6550 {} 12500 0
#PSALDO -1 202410 6550 {} 12500 0
#PSALDO -1 202411 6550 {} 31250 0
#PSALDO -1 202412 6550 {} 12500 0
#PSALDO -1 202406 6551 {} 9235.77 0
#PSALDO -1 202407 6551 {} 34612.5 0
#PSALDO -1 202412 6551 {} 262650.31 0
#PSALDO -1 202401 6570 {} 2896.6 0
#PSALDO -1 202402 6570 {} 1472.25 0
#PSALDO -1 202403 6570 {} 144.55 0
#PSALDO -1 202404 6570 {} 122.4 0
#PSALDO -1 202405 6570 {} 306.2 0
#PSALDO -1 202406 6570 {} 225.5 0
#PSALDO -1 202407 6570 {} 126.7 0
#PSALDO -1 202408 6570 {} 172.55 0
#PSALDO -1 202409 6570 {} 124.2 0
#PSALDO -1 202410 6570 {} 155.9 0
#PSALDO -1 202411 6570 {} 164.1 0
#PSALDO -1 202412 6570 {} 172 0
#PSALDO -1 202403 6930 {} 13482.67 0
#PSALDO -1 202401 6991 {} 60 0
#PSALDO -1 202401 7210 {} 179646.69 0
#PSALDO -1 202402 7210 {} 200034.89 0
#PSALDO -1 202403 7210 {} 200568.92 0
#PSALDO -1 202404 7210 {} 180450.68 0
#PSALDO -1 202405 7210 {} 201637.37 0
#PSALDO -1 202406 7210 {} 214590.39 0
#PSALDO -1 202407 7210 {} 156406.48 0
#PSALDO -1 202408 7210 {} 172265.65 0
#PSALDO -1 202409 7210 {} 191545.36 0
#PSALDO -1 202410 7210 {} 169534.32 0
#PSALDO -1 202411 7210 {} 373397.57 0
#PSALDO -1 202412 7210 {} 176967.08 0
#PSALDO -1 202403 7281 {} 1181.52 0
#PSALDO -1 202405 7281 {} 2423.12 0
#PSALDO -1 202406 7281 {} 8604.48 0
#PSALDO -1 202407 7281 {} 11085.44 0
#PSALDO -1 202408 7281 {} 927 0
#PSALDO -1 202409 7281 {} 13348.8 0
#PSALDO -1 202401 7285 {} 16775.05 0
#PSALDO -1 202402 7285 {} 4124.6 0
#PSALDO -1 202403 7285 {} 3219.2 0
#PSALDO -1 202404 7285 {} 26835.05 0
#PSALDO -1 202405 7285 {} 22994.1 0
#PSALDO -1 202406 7285 {} 8141.24 0
#PSALDO -1 202407 7285 {} 36606.67 0
#PSALDO -1 202408 7285 {} 59431.53 0
#PSALDO -1 202409 7285 {} 39677.24 0
#PSALDO -1 202410 7285 {} 23314.05 0
#PSALDO -1 202401 7290 {} 21183.45 0
#PSALDO -1 202402 7290 {} 12512.7 0
#PSALDO -1 202403 7290 {} 12512.7 0
#PSALDO -1 202404 7290 {} 13338.83 0
#PSALDO -1 202405 7290 {} 27710.2 0
#PSALDO -1 202406 7290 {} 12030.24 0
#PSALDO -1 202407 7290 {} 17005.75 0
#PSALDO -1 202408 7290 {} -18509.15 0
#PSALDO -1 202409 7290 {} -9379.08 0
#PSALDO -1 202410 7290 {} 7356.89 0
#PSALDO -1 202411 7290 {} -192325.14 0
#PSALDO -1 202412 7290 {} -1725.87 0
#PSALDO -1 202401 7410 {} 18487 0
#PSALDO -1 202402 7410 {} 18487 0
#PSALDO -1 202403 7410 {} 18487 0
#PSALDO -1 202404 7410 {} 18487 0
#PSALDO -1 202405 7410 {} 18487 0
#PSALDO -1 202406 7410 {} 18487 0
#PSALDO -1 202407 7410 {} 18487 0
#PSALDO -1 202408 7410 {} 18487 0
#PSALDO -1 202409 7410 {} 18487 0
#PSALDO -1 202410 7410 {} 10250 0
#PSALDO -1 202411 7410 {} 16750 0
#PSALDO -1 202412 7410 {} 7000 0
#PSALDO -1 202401 7510 {} 61715 0
#PSALDO -1 202402 7510 {} 64146 0
#PSALDO -1 202403 7510 {} 64400 0
#PSALDO -1 202404 7510 {} 65128 0
#PSALDO -1 202405 7510 {} 71340 0
#PSALDO -1 202406 7510 {} 72684 0
#PSALDO -1 202407 7510 {} 64126 0
#PSALDO -1 202408 7510 {} 73089 0
#PSALDO -1 202409 7510 {} 76843 0
#PSALDO -1 202410 7510 {} 60592 0
#PSALDO -1 202411 7510 {} 117320 0
#PSALDO -1 202412 7510 {} 55602 0
#PSALDO -1 202401 7519 {} 6655.83 0
#PSALDO -1 202402 7519 {} 3931.49 0
#PSALDO -1 202403 7519 {} 3931.49 0
#PSALDO -1 202404 7519 {} 4191.07 0
#PSALDO -1 202405 7519 {} 8706.55 0
#PSALDO -1 202406 7519 {} 3779.95 0
#PSALDO -1 202407 7519 {} 5343.13 0
#PSALDO -1 202408 7519 {} -5815.56 0
#PSALDO -1 202409 7519 {} -2946.89 0
#PSALDO -1 202410 7519 {} 2311.54 0
#PSALDO -1 202411 7519 {} -60428.59 0
#PSALDO -1 202412 7519 {} -542.27 0
#PSALDO -1 202401 7530 {} 4484.95 0
#PSALDO -1 202402 7530 {} 4484.95 0
#PSALDO -1 202403 7530 {} 4484.95 0
#PSALDO -1 202404 7530 {} 4484.95 0
#PSALDO -1 202405 7530 {} 4484.95 0
#PSALDO -1 202406 7530 {} 4484.95 0
#PSALDO -1 202407 7530 {} 4484.95 0
#PSALDO -1 202408 7530 {} 4484.95 0
#PSALDO -1 202409 7530 {} 4484.95 0
#PSALDO -1 202410 7530 {} 2486.65 0
#PSALDO -1 202411 7530 {} 4063.55 0
#PSALDO -1 202412 7530 {} 1697.25 0
#PSALDO -1 202401 7570 {} 228 0
#PSALDO -1 202402 7570 {} 228 0
#PSALDO -1 202403 7570 {} 228 0
#PSALDO -1 202404 7570 {} 228 0
#PSALDO -1 202405 7570 {} 228 0
#PSALDO -1 202406 7570 {} 228 0
#PSALDO -1 202407 7570 {} 228 0
#PSALDO -1 202408 7570 {} 228 0
#PSALDO -1 202409 7570 {} 228 0
#PSALDO -1 202401 7621 {} 4471.46 0
#PSALDO -1 202402 7621 {} 2844 0
#PSALDO -1 202403 7621 {} 4627 0
#PSALDO -1 202404 7621 {} 6320.74 0
#PSALDO -1 202405 7621 {} 7117.79 0
#PSALDO -1 202406 7621 {} 2175.34 0
#PSALDO -1 202407 7621 {} 2735.34 0
#PSALDO -1 202408 7621 {} 2175.34 0
#PSALDO -1 202409 7621 {} 2175.34 0
#PSALDO -1 202410 7621 {} 4117.67 0
#PSALDO -1 202411 7621 {} 5237.67 0
#PSALDO -1 202412 7621 {} 10534.67 0
#PSALDO -1 202405 7631 {} 100 0
#PSALDO -1 202407 7631 {} 444.77 0
#PSALDO -1 202411 7631 {} 87.25 0
#PSALDO -1 202412 7631 {} 378.4 0
#PSALDO -1 202401 7632 {} 459.82 0
#PSALDO -1 202403 7632 {} 6159.73 0
#PSALDO -1 202405 7632 {} 3843.65 0
#PSALDO -1 202407 7632 {} 2483.85 0
#PSALDO -1 202411 7632 {} 4058.89 0
#PSALDO -1 202412 7632 {} 2638.61 0
#PSALDO -1 202401 7690 {} 982.26 0
#PSALDO -1 202402 7690 {} 2027.51 0
#PSALDO -1 202403 7690 {} 96 0
#PSALDO -1 202404 7690 {} 1626.71 0
#PSALDO -1 202405 7690 {} 1604.27 0
#PSALDO -1 202406 7690 {} 819.66 0
#PSALDO -1 202409 7690 {} 2359.76 0
#PSALDO -1 202410 7690 {} 4304.12 0
#PSALDO -1 202411 7690 {} 766.42 0
#PSALDO -1 202412 7690 {} 7280.46 0
#PSALDO -1 202401 7811 {} 42241 0
#PSALDO -1 202402 7811 {} 42241 0
#PSALDO -1 202403 7811 {} 43259 0
#PSALDO -1 202404 7811 {} 44288 0
#PSALDO -1 202405 7811 {} 43877 0
#PSALDO -1 202406 7811 {} 45697 0
#PSALDO -1 202407 7811 {} 45779 0
#PSALDO -1 202408 7811 {} 46443 0
#PSALDO -1 202409 7811 {} 47071 0
#PSALDO -1 202410 7811 {} 47421 0
#PSALDO -1 202411 7811 {} 48127 0
#PSALDO -1 202412 7811 {} 49987 0
#PSALDO -1 202401 7816 {} 5000 0
#PSALDO -1 202402 7816 {} 5000 0
#PSALDO -1 202403 7816 {} 5000 0
#PSALDO -1 202404 7816 {} 5000 0
#PSALDO -1 202405 7816 {} 5000 0
#PSALDO -1 202406 7816 {} 5000 0
#PSALDO -1 202407 7816 {} 5000 0
#PSALDO -1 202408 7816 {} 5000 0
#PSALDO -1 202409 7816 {} 5000 0
#PSALDO -1 202410 7816 {} 5000 0
#PSALDO -1 202411 7816 {} 5000 0
#PSALDO -1 202412 7816 {} 5000 0
#PSALDO -1 202401 7832 {} 5376 0
#PSALDO -1 202402 7832 {} 5376 0
#PSALDO -1 202403 7832 {} 5376 0
#PSALDO -1 202404 7832 {} 5376 0
#PSALDO -1 202405 7832 {} 5376 0
#PSALDO -1 202406 7832 {} 5376 0
#PSALDO -1 202407 7832 {} 5376 0
#PSALDO -1 202408 7832 {} 5376 0
#PSALDO -1 202409 7832 {} 7985 0
#PSALDO -1 202410 7832 {} 7985 0
#PSALDO -1 202411 7832 {} 7985 0
#PSALDO -1 202412 7832 {} 7987 0
#PSALDO -1 202401 7840 {} 1381 0
#PSALDO -1 202402 7840 {} 1381 0
#PSALDO -1 202403 7840 {} 1381 0
#PSALDO -1 202404 7840 {} 1381 0
#PSALDO -1 202405 7840 {} 1381 0
#PSALDO -1 202406 7840 {} 1381 0
#PSALDO -1 202407 7840 {} 1381 0
#PSALDO -1 202408 7840 {} 1381 0
#PSALDO -1 202409 7840 {} 1381 0
#PSALDO -1 202410 7840 {} 1381 0
#PSALDO -1 202411 7840 {} 1381 0
#PSALDO -1 202412 7840 {} 1378 0
#PSALDO -1 202401 7960 {} 16977.85 0
#PSALDO -1 202402 7960 {} 1842.16 0
#PSALDO -1 202403 7960 {} 8140.57 0
#PSALDO -1 202404 7960 {} 13221.41 0
#PSALDO -1 202405 7960 {} 505.47 0
#PSALDO -1 202406 7960 {} 2943.17 0
#PSALDO -1 202407 7960 {} 14267.29 0
#PSALDO -1 202408 7960 {} 626.41 0
#PSALDO -1 202409 7960 {} 5137.5 0
#PSALDO -1 202410 7960 {} 3670.5 0
#PSALDO -1 202411 7960 {} 156.26 0
#PSALDO -1 202412 7960 {} 648.66 0
#PSALDO -1 202412 8311 {} -843.76 0
#PSALDO -1 202401 8314 {} -140 0
#PSALDO -1 202403 8314 {} -58 0
#PSALDO -1 202404 8314 {} -375 0
#PSALDO -1 202405 8314 {} -23 0
#PSALDO -1 202406 8314 {} -1158 0
#PSALDO -1 202407 8314 {} -169 0
#PSALDO -1 202408 8314 {} -340 0
#PSALDO -1 202409 8314 {} -52 0
#PSALDO -1 202410 8314 {} -38 0
#PSALDO -1 202411 8314 {} -38 0
#PSALDO -1 202412 8314 {} -14 0
#PSALDO -1 202401 8330 {} 8945.6 0
#PSALDO -1 202402 8330 {} -84529.49 0
#PSALDO -1 202403 8330 {} -202.55 0
#PSALDO -1 202404 8330 {} 6771.88 0
#PSALDO -1 202405 8330 {} 18920.17 0
#PSALDO -1 202406 8330 {} 6858.48 0
#PSALDO -1 202407 8330 {} 163.66 0
#PSALDO -1 202408 8330 {} -7937.46 0
#PSALDO -1 202409 8330 {} -3168.92 0
#PSALDO -1 202410 8330 {} 42026.37 0
#PSALDO -1 202411 8330 {} -15559.12 0
#PSALDO -1 202412 8330 {} 15920.01 0
#PSALDO -1 202401 8413 {} 35309 0
#PSALDO -1 202405 8413 {} 1766.58 0
#PSALDO -1 202406 8413 {} -3385 0
#PSALDO -1 202407 8413 {} 4744.29 0
#PSALDO -1 202410 8413 {} 5522.79 0
#PSALDO -1 202412 8413 {} 13888.76 0
#PSALDO -1 202401 8422 {} 2.18 0
#PSALDO -1 202401 8423 {} 268 0
#PSALDO -1 202403 8423 {} 185 0
#PSALDO -1 202404 8423 {} 1302 0
#PSALDO -1 202409 8423 {} 1 0
#PSALDO -1 202412 8910 {} 76222 0
#PSALDO -1 202412 8999 {} 234027.88 0
#RES 0 3010 -2832546 0
#RES 0 3015 -1060577.65 0
#RES 0 3018 -282142.35 0
#RES 0 3041 -26000 0
#RES 0 3350 1658800.61 0
#RES 0 3740 -5.92 0
#RES 0 3850 -105468 0
#RES 0 3960 -9794.41 0
#RES 0 3997 -1006 0
#RES 0 4010 332546.84 0
#RES 0 4025 253759.66 0
#RES 0 4515 2514925.59 0
#RES 0 4970 -1003705 0
#RES 0 5010 46182.4 0
#RES 0 5020 1076.07 0
#RES 0 5060 8280 0
#RES 0 5220 5809.5 0
#RES 0 5420 8256.73 0
#RES 0 5421 106502.99 0
#RES 0 5460 9279.2 0
#RES 0 5800 5686.13 0
#RES 0 5810 188.8 0
#RES 0 5900 35000 0
#RES 0 5910 9764.83 0
#RES 0 6071 1788.8 0
#RES 0 6072 4123.69 0
#RES 0 6212 1610.4 0
#RES 0 6230 2052 0
#RES 0 6250 1012 0
#RES 0 6310 9772.66 0
#RES 0 6530 43823.69 0
#RES 0 6531 994.95 0
#RES 0 6550 25000 0
#RES 0 6570 3526.05 0
#RES 0 7210 316361.49 0
#RES 0 7290 16371.66 0
#RES 0 7410 29382 0
#RES 0 7510 99399 0
#RES 0 7519 5143.97 0
#RES 0 7530 7128.08 0
#RES 0 7570 152 0
#RES 0 7621 4106.67 0
#RES 0 7690 4662.37 0
#RES 0 7811 103118 0
#RES 0 7816 10000 0
#RES 0 7832 13794 0
#RES 0 7840 2762 0
#RES 0 7960 24222.54 0
#RES 0 8314 -35 0
#RES 0 8330 3152.72 0
#RES 0 8413 35844.6 0

#IB -1 1010 2786370 0
#UB -1 1010 3298504 0
#IB -1 1019 -535734 0
#UB -1 1019 -1082165 0
#IB -1 1030 7824 0
#UB -1 1030 7824 0
#IB -1 1039 -7824 0
#UB -1 1039 -7824 0
#IB -1 1050 96375 0
#UB -1 1050 96375 0
#IB -1 1059 -96375 0
#UB -1 1059 -96375 0
#IB -1 1060 360000 0
#UB -1 1060 360000 0
#IB -1 1068 277558 0
#UB -1 1068 170116 0
#IB -1 1069 -205000 0
#UB -1 1069 -265000 0
#IB -1 1120 82847 0
#UB -1 1120 82847 0
#IB -1 1129 -34519 0
#UB -1 1129 -51088 0
#IB -1 1220 322569 0
#UB -1 1220 479114 0
#IB -1 1229 -158886 0
#UB -1 1229 -233836 0
#IB -1 1250 29283 0
#UB -1 1250 29283 0
#IB -1 1259 -29283 0
#UB -1 1259 -29283 0
#IB -1 1310 26926 0
#UB -1 1310 26926 0
#IB -1 1460 104924 0
#UB -1 1460 84329 0
#IB -1 1470 0 0
#UB -1 1470 1176804 0
#IB -1 1480 0 0
#UB -1 1480 959080.67 0
#IB -1 1510 1313921.63 0
#UB -1 1510 1726654.52 0
#IB -1 1511 -16236.13 0
#UB -1 1511 -422.36 0
#IB -1 1512 26125 0
#UB -1 1512 0 0
#IB -1 1517 0 0
#UB -1 1517 0 0
#IB -1 1519 -128991 0
#UB -1 1519 -106650 0
#IB -1 1610 0 0
#UB -1 1610 0 0
#IB -1 1630 0 0
#UB -1 1630 590 0
#IB -1 1662 1109600 0
#UB -1 1662 1148650 0
#IB -1 1684 9741.85 0
#UB -1 1684 9741.85 0
#IB -1 1710 69273.6 0
#UB -1 1710 69273.6 0
#IB -1 1730 14179.43 0
#UB -1 1730 18131.38 0
#IB -1 1760 130.51 0
#UB -1 1760 0 0
#IB -1 1790 63971.14 0
#UB -1 1790 28540 0
#IB -1 1791 1500000 0
#UB -1 1791 0 0
#IB -1 1920 300582.84 0
#UB -1 1920 295617.6 0
#IB -1 1921 -153462.9 0
#UB -1 1921 -331945.03 0
#IB -1 1922 47.12 0
#UB -1 1922 722.72 0
#IB -1 2081 -98100 0
#UB -1 2081 -98100 0
#IB -1 2085 -277558 0
#UB -1 2085 -170116 0
#IB -1 2089 -2250636 0
#UB -1 2089 -2216339 0
#IB -1 2091 5137556.49 0
#UB -1 2091 4170022.6 0
#IB -1 2093 -300000 0
#UB -1 2093 -300000 0
#IB -1 2097 -3137700 0
#UB -1 2097 -3137700 0
#IB -1 2099 -933236.89 0
#UB -1 2099 -234027.88 0
#IB -1 2420 0 0
#UB -1 2420 -3258628.39 0
#IB -1 2440 -511144.36 0
#UB -1 2440 -743040.53 0
#IB -1 2447 97.54 0
#UB -1 2447 140.13 0
#IB -1 2450 -3123240.92 0
#UB -1 2450 0 0
#IB -1 2460 0 0
#UB -1 2460 -900025.97 0
#IB -1 2510 -447 0
#UB -1 2510 -76222 0
#IB -1 2514 -51325 0
#UB -1 2514 -48612 0
#IB -1 2518 269764 0
#UB -1 2518 269764 0
#IB -1 2611 0 0
#UB -1 2611 0 0
#IB -1 2614 0 0
#UB -1 2614 0 0
#IB -1 2615 0 0
#UB -1 2615 -0 0
#IB -1 2618 0 0
#UB -1 2618 -89838.75 0
#IB -1 2641 0 0
#UB -1 2641 -0 0
#IB -1 2645 0 0
#UB -1 2645 0 0
#IB -1 2648 11545.6 0
#UB -1 2648 11546 0
#IB -1 2650 -395849 0
#UB -1 2650 -609832 0
#IB -1 2710 -267277 0
#UB -1 2710 -41811 0
#IB -1 2731 -219277 0
#UB -1 2731 -55602 0
#IB -1 2820 -341 0
#UB -1 2820 -3359 0
#IB -1 2828 -653.2 0
#UB -1 2828 -52904.54 0
#IB -1 2829 -17135.5 0
#UB -1 2829 -24690.29 0
#IB -1 2830 -5714.14 0
#UB -1 2830 -5714.14 0
#IB -1 2890 -624865 0
#UB -1 2890 -55864 0
#IB -1 2920 -150495.59 0
#UB -1 2920 -52207.11 0
#IB -1 2941 -47285.74 0
#UB -1 2941 -16403.48 0
#IB -1 2960 -10369.38 0
#UB -1 2960 -13720.6 0
#IB -1 2970 0 0
#UB -1 2970 -12505 0
#IB -1 2990 -132251 0
#UB -1 2990 -98745 0
#RES -1 3010 -19339783.5 0
#RES -1 3015 -2913117.98 0
#RES -1 3016 -155028 0
#RES -1 3018 -1114712.37 0
#RES -1 3041 -356700 0
#RES -1 3350 1579615.89 0
#RES -1 3351 -16000 0
#RES -1 3540 -450 0
#RES -1 3740 -78.32 0
#RES -1 3850 -512133.45 0
#RES -1 3960 -105356.99 0
#RES -1 4010 1832149.64 0
#RES -1 4012 56727.3 0
#RES -1 4015 175.25 0
#RES -1 4025 820965.81 0
#RES -1 4040 340620.8 0
#RES -1 4515 11376988.05 0
#RES -1 4535 2337.15 0
#RES -1 4599 -531934.92 0
#RES -1 4600 195834.4 0
#RES -1 4960 20595 0
#RES -1 4970 1671359 0
#RES -1 5010 277193.8 0
#RES -1 5020 6318.29 0
#RES -1 5060 42328 0
#RES -1 5090 8891.2 0
#RES -1 5220 37107.72 0
#RES -1 5410 12759.2 0
#RES -1 5420 170484.35 0
#RES -1 5421 475703.55 0
#RES -1 5460 93323.69 0
#RES -1 5710 337.6 0
#RES -1 5800 62331.81 0
#RES -1 5831 2661.23 0
#RES -1 5910 63205.18 0
#RES -1 5911 5251.22 0
#RES -1 5940 2950.5 0
#RES -1 6071 2530.78 0
#RES -1 6072 40765.21 0
#RES -1 6212 52015.8 0
#RES -1 6230 27670 0
#RES -1 6250 2024.8 0
#RES -1 6310 56479.07 0
#RES -1 6350 -22341 0
#RES -1 6351 20900 0
#RES -1 6420 34124.75 0
#RES -1 6530 260165.69 0
#RES -1 6531 1878.75 0
#RES -1 6550 202190 0
#RES -1 6551 306498.58 0
#RES -1 6570 6082.95 0
#RES -1 6930 13482.67 0
#RES -1 6991 60 0
#RES -1 7210 2417045.4 0
#RES -1 7281 37570.36 0
#RES -1 7285 241118.73 0
#RES -1 7290 -98288.48 0
#RES -1 7410 200383 0
#RES -1 7510 846985 0
#RES -1 7519 -30882.26 0
#RES -1 7530 48612 0
#RES -1 7570 2052 0
#RES -1 7621 54532.36 0
#RES -1 7631 1010.42 0
#RES -1 7632 19644.55 0
#RES -1 7690 21867.17 0
#RES -1 7811 546431 0
#RES -1 7816 60000 0
#RES -1 7832 74950 0
#RES -1 7840 16569 0
#RES -1 7960 68137.25 0
#RES -1 8311 -843.76 0
#RES -1 8314 -2405 0
#RES -1 8330 -11791.37 0
#RES -1 8413 57846.42 0
#RES -1 8422 2.18 0
#RES -1 8423 1756 0
#RES -1 8910 76222 0
#RES -1 8999 234027.88 0

#PSALDO 0 202501 1470 {6 "5016"} 116968 0
#PSALDO 0 202501 1470 {6 "5019"} -6675 0
#PSALDO 0 202502 1470 {6 "5019"} -35085 0
#PSALDO 0 202502 1470 {6 "5022"} -9552 0
#PSALDO 0 202502 1470 {6 "5023"} -633884 0
#PSALDO 0 202502 1480 {6 "5023"} -1564440.14 0
#PSALDO 0 202501 1510 {6 "5019"} 159201 0
#PSALDO 0 202502 1510 {6 "5023"} 1060577.65 0
#PSALDO 0 202502 1790 {6 "5023"} 79402 0
#PSALDO 0 202502 1791 {6 "5022"} 79600 0
#PSALDO 0 202501 1920 {6 "5008"} -43750 0
#PSALDO 0 202501 1920 {6 "5014"} -2506 0
#PSALDO 0 202501 1920 {6 "5016"} -223031.89 0
#PSALDO 0 202501 1920 {6 "5017"} -488 0
#PSALDO 0 202501 1920 {6 "5019"} -60449.81 0
#PSALDO 0 202501 1920 {6 "5020"} -817.75 0
#PSALDO 0 202501 1920 {6 "5021"} -1138.75 0
#PSALDO 0 202502 1920 {6 "5016"} -43738 0
#PSALDO 0 202502 1920 {6 "5019"} -22326 0
#PSALDO 0 202502 1920 {6 "5021"} -2582 0
#PSALDO 0 202502 1920 {6 "5022"} -576 0
#PSALDO 0 202501 1921 {6 "5011"} -143071.9 0
#PSALDO 0 202501 1921 {6 "5019"} -147753.73 0
#PSALDO 0 202502 1921 {6 "5022"} -86482.37 0
#PSALDO 0 202502 2420 {6 "5022"} 79600 0
#PSALDO 0 202502 2420 {6 "5023"} 1090438.39 0
#PSALDO 0 202501 2440 {6 "5008"} 43750 0
#PSALDO 0 202501 2440 {6 "5011"} 142717.93 0
#PSALDO 0 202501 2440 {6 "5014"} -2438 0
#PSALDO 0 202501 2440 {6 "5016"} 33083.89 0
#PSALDO 0 202501 2440 {6 "5017"} 488 0
#PSALDO 0 202501 2440 {6 "5019"} 154593.76 0
#PSALDO 0 202501 2440 {6 "5020"} 817.75 0
#PSALDO 0 202501 2440 {6 "5021"} -2582 0
#PSALDO 0 202501 2440 {6 "5022"} -576 0
#PSALDO 0 202502 2440 {6 "5000"} -213.99 0
#PSALDO 0 202502 2440 {6 "5016"} -75961 0
#PSALDO 0 202502 2440 {6 "5019"} 4919.43 0
#PSALDO 0 202502 2440 {6 "5021"} 2582 0
#PSALDO 0 202502 2440 {6 "5022"} -5273.81 0
#PSALDO 0 202502 2440 {6 "5023"} -11089 0
#PSALDO 0 202501 2611 {6 "5019"} -31840 0
#PSALDO 0 202502 2615 {6 "5000"} -53.5 0
#PSALDO 0 202502 2615 {6 "5019"} -1663.89 0
#PSALDO 0 202502 2615 {6 "5022"} -23141.85 0
#PSALDO 0 202502 2615 {6 "5023"} -388388.04 0
#PSALDO 0 202501 2641 {6 "5014"} 988.8 0
#PSALDO 0 202501 2641 {6 "5016"} 37989.6 0
#PSALDO 0 202501 2641 {6 "5019"} 10648.7 0
#PSALDO 0 202501 2641 {6 "5021"} 744.15 0
#PSALDO 0 202501 2641 {6 "5022"} 115.25 0
#PSALDO 0 202502 2641 {6 "5016"} 23939.8 0
#PSALDO 0 202502 2641 {6 "5019"} 2150.2 0
#PSALDO 0 202502 2645 {6 "5000"} 53.5 0
#PSALDO 0 202502 2645 {6 "5019"} 1663.89 0
#PSALDO 0 202502 2645 {6 "5022"} 23141.85 0
#PSALDO 0 202502 2645 {6 "5023"} 388388.04 0
#PSALDO 0 202502 2990 {6 "5019"} -145444 0
#PSALDO 0 202502 2990 {6 "5022"} -18432 0
#PSALDO 0 202501 3010 {6 "5019"} -127360 0
#PSALDO 0 202502 3015 {6 "5023"} -1060577.65 0
#PSALDO 0 202501 3350 {6 "5019"} 13350 0
#PSALDO 0 202502 3350 {6 "5019"} 116951 0
#PSALDO 0 202502 3350 {6 "5022"} -127360 0
#PSALDO 0 202502 3350 {6 "5023"} 2464.61 0
#PSALDO 0 202501 3740 {6 "5019"} -1 0
#PSALDO 0 202502 3960 {6 "5022"} -235.21 0
#PSALDO 0 202501 4010 {6 "5016"} 0 0
#PSALDO 0 202501 4010 {6 "5019"} 9558.4 0
#PSALDO 0 202501 4010 {6 "5021"} 2976.6 0
#PSALDO 0 202502 4010 {6 "5019"} 145444 0
#PSALDO 0 202501 4025 {6 "5014"} 3955.2 0
#PSALDO 0 202501 4025 {6 "5016"} 34990.4 0
#PSALDO 0 202501 4025 {6 "5019"} 24734.5 0
#PSALDO 0 202501 4025 {6 "5022"} 460.75 0
#PSALDO 0 202502 4025 {6 "5016"} 95759.2 0
#PSALDO 0 202502 4025 {6 "5019"} 8600.8 0
#PSALDO 0 202502 4025 {6 "5022"} 18432 0
#PSALDO 0 202502 4515 {6 "5000"} 213.99 0
#PSALDO 0 202502 4515 {6 "5019"} 6655.57 0
#PSALDO 0 202502 4515 {6 "5022"} 92567.39 0
#PSALDO 0 202502 4515 {6 "5023"} 1553552.04 0
#PSALDO 0 202501 4970 {6 "5019"} -6675 0
#PSALDO 0 202502 4970 {6 "5019"} -81866 0
#PSALDO 0 202502 4970 {6 "5022"} -22288 0
#PSALDO 0 202502 4970 {6 "5023"} -538421 0
#PSALDO 0 202501 5460 {6 "5019"} 8302.4 0
#PSALDO 0 202501 7960 {6 "5011"} 353.97 0
#PSALDO 0 202501 7960 {6 "5019"} 365.78 0
#PSALDO 0 202502 7960 {6 "5023"} 21977.1 0

#PSALDO -1 202403 1460 {6 "5005"} 114500.8 0
#PSALDO -1 202404 1460 {6 "5005"} -114500.8 0
#PSALDO -1 202407 1460 {6 "5010"} 157598.5 0
#PSALDO -1 202408 1460 {6 "5013"} -157598.5 0
#PSALDO -1 202404 1480 {6 "5005"} 622967.13 0
#PSALDO -1 202404 1480 {6 "5008"} 303726.23 0
#PSALDO -1 202405 1480 {6 "5005"} -622967.13 0
#PSALDO -1 202405 1480 {6 "5008"} -303726.23 0
#PSALDO -1 202412 1480 {6 "5011"} 141907.79 0
#PSALDO -1 202401 1510 {6 "5000"} 427750 0
#PSALDO -1 202402 1510 {6 "5003"} 1194615 0
#PSALDO -1 202403 1510 {6 "5007"} 369263 0
#PSALDO -1 202404 1510 {6 "5007"} 894639 0
#PSALDO -1 202407 1510 {6 "5011"} 727460 0
#PSALDO -1 202408 1510 {6 "5011"} -501975 0
#PSALDO -1 202408 1510 {6 "5013"} 124568 0
#PSALDO -1 202409 1510 {6 "5013"} 249410 0
#PSALDO -1 202409 1510 {6 "5014"} 67509 0
#PSALDO -1 202410 1510 {6 "5005"} 16000 0
#PSALDO -1 202410 1510 {6 "5013"} 99294 0
#PSALDO -1 202410 1510 {6 "5014"} 413645 0
#PSALDO -1 202410 1510 {6 "5016"} 75740 0
#PSALDO -1 202411 1510 {6 "5008"} 103313 0
#PSALDO -1 202411 1510 {6 "5013"} 98728 0
#PSALDO -1 202411 1510 {6 "5015"} 460367 0
#PSALDO -1 202411 1510 {6 "5016"} 699944 0
#PSALDO -1 202411 1510 {6 "5019"} 520404 0
#PSALDO -1 202412 1510 {6 "5013"} 293917 0
#PSALDO -1 202412 1510 {6 "5016"} 250000 0
#PSALDO -1 202405 1610 {6 "5005"} -340 0
#PSALDO -1 202403 1790 {6 "5003"} 127837.6 0
#PSALDO -1 202401 1791 {6 "5000"} -1500000 0
#PSALDO -1 202408 1791 {6 "5013"} 434065 0
#PSALDO -1 202409 1791 {6 "5013"} -119640 0
#PSALDO -1 202409 1791 {6 "5014"} 174893 0
#PSALDO -1 202410 1791 {6 "5013"} -79435 0
#PSALDO -1 202410 1791 {6 "5014"} -174893 0
#PSALDO -1 202411 1791 {6 "5013"} -78982 0
#PSALDO -1 202412 1791 {6 "5013"} -156008 0
#PSALDO -1 202401 1920 {6 "5000"} 1688757 0
#PSALDO -1 202401 1920 {6 "5002"} -23483.6 0
#PSALDO -1 202401 1920 {6 "5003"} -47052.5 0
#PSALDO -1 202402 1920 {6 "5000"} -91453 0
#PSALDO -1 202402 1920 {6 "5003"} -1585 0
#PSALDO -1 202402 1920 {6 "5004"} -3497.5 0
#PSALDO -1 202403 1920 {6 "5000"} -246 0
#PSALDO -1 202403 1920 {6 "5003"} -102153 0
#PSALDO -1 202403 1920 {6 "5005"} -30720 0
#PSALDO -1 202404 1920 {6 "5003"} -159797 0
#PSALDO -1 202404 1920 {6 "5004"} -4113 0
#PSALDO -1 202404 1920 {6 "5005"} -48856 0
#PSALDO -1 202404 1920 {6 "5006"} -4863 0
#PSALDO -1 202405 1920 {6 "5000"} -513 0
#PSALDO -1 202405 1920 {6 "5005"} -99705 0
#PSALDO -1 202405 1920 {6 "5008"} -17993.25 0
#PSALDO -1 202406 1920 {6 "5000"} -3126 0
#PSALDO -1 202406 1920 {6 "5003"} -21488 0
#PSALDO -1 202406 1920 {6 "5005"} -108056 0
#PSALDO -1 202406 1920 {6 "5008"} -20257 0
#PSALDO -1 202407 1920 {6 "5008"} -3100 0
#PSALDO -1 202407 1920 {6 "5011"} -2573.5 0
#PSALDO -1 202408 1920 {6 "5011"} 583906 0
#PSALDO -1 202409 1920 {6 "5011"} -14650 0
#PSALDO -1 202409 1920 {6 "5013"} -100091 0
#PSALDO -1 202410 1920 {6 "5014"} -39885 0
#PSALDO -1 202410 1920 {6 "5015"} -7194.84 0
#PSALDO -1 202411 1920 {6 "5014"} -2134 0
#PSALDO -1 202411 1920 {6 "5016"} -6789 0
#PSALDO -1 202412 1920 {6 "5013"} -2756 0
#PSALDO -1 202412 1920 {6 "5014"} -2440 0
#PSALDO -1 202412 1920 {6 "5019"} -36551 0
#PSALDO -1 202401 1921 {6 "5000"} -999095.6 0
#PSALDO -1 202402 1921 {6 "5000"} -147250 0
#PSALDO -1 202402 1921 {6 "5001"} -1107983.04 0
#PSALDO -1 202403 1921 {6 "5003"} -636652.5 0
#PSALDO -1 202403 1921 {6 "5004"} -7392.28 0
#PSALDO -1 202404 1921 {6 "5000"} -7117.75 0
#PSALDO -1 202404 1921 {6 "5007"} -417897.59 0
#PSALDO -1 202404 1921 {6 "5008"} -308842.51 0
#PSALDO -1 202405 1921 {6 "5004"} -6688.69 0
#PSALDO -1 202405 1921 {6 "5005"} -623117.02 0
#PSALDO -1 202405 1921 {6 "5006"} -26455.57 0
#PSALDO -1 202405 1921 {6 "5007"} -368040.49 0
#PSALDO -1 202406 1921 {6 "5008"} -16438.77 0
#PSALDO -1 202407 1921 {6 "5011"} -411.19 0
#PSALDO -1 202409 1921 {6 "5012"} -17319.28 0
#PSALDO -1 202410 1921 {6 "5014"} -400363.24 0
#PSALDO -1 202410 1921 {6 "5017"} -1033.31 0
#PSALDO -1 202411 1921 {6 "5015"} -452098.66 0
#PSALDO -1 202411 1921 {6 "5016"} -1716.8 0
#PSALDO -1 202411 1921 {6 "5017"} -40612.26 0
#PSALDO -1 202411 1921 {6 "5018"} -10134.29 0
#PSALDO -1 202412 1921 {6 "5014"} -595.6 0
#PSALDO -1 202412 1921 {6 "5015"} -20778.02 0
#PSALDO -1 202412 1921 {6 "5019"} -6997.9 0
#PSALDO -1 202401 2440 {6 "5000"} -69206 0
#PSALDO -1 202401 2440 {6 "5002"} 23483.6 0
#PSALDO -1 202401 2440 {6 "5003"} -1585 0
#PSALDO -1 202402 2440 {6 "5000"} 91207 0
#PSALDO -1 202402 2440 {6 "5001"} 0 0
#PSALDO -1 202402 2440 {6 "5003"} -735127.64 0
#PSALDO -1 202402 2440 {6 "5004"} -7380.04 0
#PSALDO -1 202402 2440 {6 "5005"} -30720 0
#PSALDO -1 202403 2440 {6 "5000"} -6778.37 0
#PSALDO -1 202403 2440 {6 "5003"} 576915.64 0
#PSALDO -1 202403 2440 {6 "5004"} 3267.04 0
#PSALDO -1 202403 2440 {6 "5005"} -81686 0
#PSALDO -1 202403 2440 {6 "5006"} -4863 0
#PSALDO -1 202404 2440 {6 "5000"} 6511.37 0
#PSALDO -1 202404 2440 {6 "5003"} 159797 0
#PSALDO -1 202404 2440 {6 "5004"} 4113 0
#PSALDO -1 202404 2440 {6 "5005"} -610266.13 0
#PSALDO -1 202404 2440 {6 "5006"} -21299.44 0
#PSALDO -1 202404 2440 {6 "5007"} 0 0
#PSALDO -1 202404 2440 {6 "5008"} -17993.25 0
#PSALDO -1 202405 2440 {6 "5000"} -2613 0
#PSALDO -1 202405 2440 {6 "5003"} -21488 0
#PSALDO -1 202405 2440 {6 "5004"} 0 0
#PSALDO -1 202405 2440 {6 "5005"} 614616.13 0
#PSALDO -1 202405 2440 {6 "5006"} 26162.44 0
#PSALDO -1 202405 2440 {6 "5007"} 0 0
#PSALDO -1 202405 2440 {6 "5008"} -19110.52 0
#PSALDO -1 202406 2440 {6 "5000"} 3126 0
#PSALDO -1 202406 2440 {6 "5003"} 21488 0
#PSALDO -1 202406 2440 {6 "5005"} 108056 0
#PSALDO -1 202406 2440 {6 "5008"} 34003.77 0
#PSALDO -1 202406 2440 {6 "5011"} -2976.63 0
#PSALDO -1 202407 2440 {6 "5008"} 3100 0
#PSALDO -1 202407 2440 {6 "5010"} -196998.06 0
#PSALDO -1 202407 2440 {6 "5011"} -2572.91 0
#PSALDO -1 202408 2440 {6 "5011"} -815101.54 0
#PSALDO -1 202408 2440 {6 "5012"} -17331.77 0
#PSALDO -1 202408 2440 {6 "5013"} -100091 0
#PSALDO -1 202409 2440 {6 "5011"} 14650 0
#PSALDO -1 202409 2440 {6 "5012"} 17331.77 0
#PSALDO -1 202409 2440 {6 "5013"} 100091 0
#PSALDO -1 202409 2440 {6 "5014"} -420799.43 0
#PSALDO -1 202409 2440 {6 "5015"} -7194.84 0
#PSALDO -1 202410 2440 {6 "5014"} 416531.43 0
#PSALDO -1 202410 2440 {6 "5015"} 7194.84 0
#PSALDO -1 202410 2440 {6 "5016"} -6789 0
#PSALDO -1 202410 2440 {6 "5017"} 0 0
#PSALDO -1 202411 2440 {6 "5013"} -2756 0
#PSALDO -1 202411 2440 {6 "5014"} 1828 0
#PSALDO -1 202411 2440 {6 "5015"} -20804.95 0
#PSALDO -1 202411 2440 {6 "5016"} 6789 0
#PSALDO -1 202411 2440 {6 "5017"} 0 0
#PSALDO -1 202411 2440 {6 "5018"} 0 0
#PSALDO -1 202411 2440 {6 "5019"} -43584.26 0
#PSALDO -1 202412 2440 {6 "5001"} -220340 0
#PSALDO -1 202412 2440 {6 "5008"} -43750 0
#PSALDO -1 202412 2440 {6 "5011"} -142717.93 0
#PSALDO -1 202412 2440 {6 "5013"} 2756 0
#PSALDO -1 202412 2440 {6 "5014"} -66 0
#PSALDO -1 202412 2440 {6 "5015"} 20804.95 0
#PSALDO -1 202412 2440 {6 "5016"} -223031.89 0
#PSALDO -1 202412 2440 {6 "5017"} -488 0
#PSALDO -1 202412 2440 {6 "5019"} -164253.5 0
#PSALDO -1 202412 2440 {6 "5020"} -817.75 0
#PSALDO -1 202401 2450 {6 "5000"} 2138755 0
#PSALDO -1 202403 2450 {6 "5007"} -295410 0
#PSALDO -1 202404 2450 {6 "5007"} 212764 0
#PSALDO -1 202408 2450 {6 "5013"} 329424 0
#PSALDO -1 202401 2611 {6 "5000"} -855502 0
#PSALDO -1 202402 2611 {6 "5003"} -238923 0
#PSALDO -1 202403 2611 {6 "5007"} -73852.5 0
#PSALDO -1 202404 2611 {6 "5007"} -178927.5 0
#PSALDO -1 202407 2611 {6 "5011"} -145492 0
#PSALDO -1 202408 2611 {6 "5011"} -16386 0
#PSALDO -1 202408 2611 {6 "5013"} -24913.5 0
#PSALDO -1 202409 2611 {6 "5013"} -49882 0
#PSALDO -1 202409 2611 {6 "5014"} -13501.75 0
#PSALDO -1 202410 2611 {6 "5005"} -3200 0
#PSALDO -1 202410 2611 {6 "5013"} -19858.75 0
#PSALDO -1 202410 2611 {6 "5014"} -82729 0
#PSALDO -1 202410 2611 {6 "5016"} -15148 0
#PSALDO -1 202411 2611 {6 "5008"} -20662.5 0
#PSALDO -1 202411 2611 {6 "5013"} -19745.5 0
#PSALDO -1 202411 2611 {6 "5015"} -92073.25 0
#PSALDO -1 202411 2611 {6 "5016"} -139988.75 0
#PSALDO -1 202411 2611 {6 "5019"} -104080.75 0
#PSALDO -1 202412 2611 {6 "5013"} -58783.5 0
#PSALDO -1 202412 2611 {6 "5016"} -50000 0
#PSALDO -1 202405 2614 {6 "5008"} -4211.69 0
#PSALDO -1 202401 2615 {6 "5000"} -248443.46 0
#PSALDO -1 202402 2615 {6 "5001"} -278455.95 0
#PSALDO -1 202402 2615 {6 "5003"} -158639.91 0
#PSALDO -1 202402 2615 {6 "5004"} -2719.45 0
#PSALDO -1 202403 2615 {6 "5000"} -1756.07 0
#PSALDO -1 202404 2615 {6 "5006"} -6540.61 0
#PSALDO -1 202404 2615 {6 "5007"} -103254.4 0
#PSALDO -1 202405 2615 {6 "5004"} -1679.14 0
#PSALDO -1 202405 2615 {6 "5005"} -158003.53 0
#PSALDO -1 202405 2615 {6 "5007"} -93178.22 0
#PSALDO -1 202405 2615 {6 "5008"} -75931.56 0
#PSALDO -1 202406 2615 {6 "5005"} 385.57 0
#PSALDO -1 202406 2615 {6 "5011"} -100.78 0
#PSALDO -1 202407 2615 {6 "5011"} -1387.38 0
#PSALDO -1 202408 2615 {6 "5011"} -200112.94 0
#PSALDO -1 202408 2615 {6 "5012"} -4332.97 0
#PSALDO -1 202409 2615 {6 "5014"} -95228.72 0
#PSALDO -1 202410 2615 {6 "5014"} -4348.06 0
#PSALDO -1 202410 2615 {6 "5017"} -257.09 0
#PSALDO -1 202411 2615 {6 "5015"} -119059.97 0
#PSALDO -1 202411 2615 {6 "5016"} -427.05 0
#PSALDO -1 202411 2615 {6 "5017"} -10193.55 0
#PSALDO -1 202411 2615 {6 "5018"} -2543.66 0
#PSALDO -1 202411 2615 {6 "5019"} -1758.32 0
#PSALDO -1 202412 2615 {6 "5011"} -202.51 0
#PSALDO -1 202412 2615 {6 "5014"} -149.39 0
#PSALDO -1 202412 2615 {6 "5019"} -36846.99 0
#PSALDO -1 202401 2641 {6 "5000"} 18290.6 0
#PSALDO -1 202401 2641 {6 "5003"} 9727.4 0
#PSALDO -1 202402 2641 {6 "5000"} 29499.13 0
#PSALDO -1 202402 2641 {6 "5003"} 20430.6 0
#PSALDO -1 202402 2641 {6 "5005"} 6144 0
#PSALDO -1 202403 2641 {6 "5000"} 50.02 0
#PSALDO -1 202403 2641 {6 "5003"} 32004.04 0
#PSALDO -1 202403 2641 {6 "5004"} 822.5 0
#PSALDO -1 202403 2641 {6 "5005"} 22481.2 0
#PSALDO -1 202403 2641 {6 "5006"} 972.5 0
#PSALDO -1 202404 2641 {6 "5000"} 102.6 0
#PSALDO -1 202404 2641 {6 "5005"} 7625.11 0
#PSALDO -1 202404 2641 {6 "5008"} 3732.4 0
#PSALDO -1 202405 2641 {6 "5000"} 625.2 0
#PSALDO -1 202405 2641 {6 "5003"} 4542.96 0
#PSALDO -1 202405 2641 {6 "5005"} 21630.45 0
#PSALDO -1 202405 2641 {6 "5008"} 4051.35 0
#PSALDO -1 202406 2641 {6 "5008"} 620 0
#PSALDO -1 202406 2641 {6 "5011"} 514.7 0
#PSALDO -1 202407 2641 {6 "5010"} 39399.56 0
#PSALDO -1 202408 2641 {6 "5011"} 2930 0
#PSALDO -1 202408 2641 {6 "5013"} 20018.2 0
#PSALDO -1 202409 2641 {6 "5014"} 7977 0
#PSALDO -1 202409 2641 {6 "5015"} 1438.97 0
#PSALDO -1 202410 2641 {6 "5014"} 853.6 0
#PSALDO -1 202410 2641 {6 "5016"} 1357.9 0
#PSALDO -1 202411 2641 {6 "5010"} 13 0
#PSALDO -1 202411 2641 {6 "5013"} 551.2 0
#PSALDO -1 202411 2641 {6 "5014"} 61.2 0
#PSALDO -1 202411 2641 {6 "5019"} 7310.2 0
#PSALDO -1 202412 2641 {6 "5001"} 44068 0
#PSALDO -1 202412 2641 {6 "5008"} 8750 0
#PSALDO -1 202412 2641 {6 "5014"} 501.2 0
#PSALDO -1 202412 2641 {6 "5016"} 44606.28 0
#PSALDO -1 202412 2641 {6 "5017"} 97.6 0
#PSALDO -1 202412 2641 {6 "5019"} 12089.96 0
#PSALDO -1 202412 2641 {6 "5020"} 163.55 0
#PSALDO -1 202401 2645 {6 "5000"} 248443.46 0
#PSALDO -1 202402 2645 {6 "5001"} 278455.95 0
#PSALDO -1 202402 2645 {6 "5003"} 158639.91 0
#PSALDO -1 202402 2645 {6 "5004"} 2719.45 0
#PSALDO -1 202403 2645 {6 "5000"} 1756.07 0
#PSALDO -1 202404 2645 {6 "5006"} 6540.61 0
#PSALDO -1 202404 2645 {6 "5007"} 103254.4 0
#PSALDO -1 202405 2645 {6 "5004"} 1679.14 0
#PSALDO -1 202405 2645 {6 "5005"} 158003.53 0
#PSALDO -1 202405 2645 {6 "5007"} 93178.22 0
#PSALDO -1 202405 2645 {6 "5008"} 80143.25 0
#PSALDO -1 202406 2645 {6 "5005"} -385.57 0
#PSALDO -1 202406 2645 {6 "5011"} 100.78 0
#PSALDO -1 202407 2645 {6 "5011"} 1387.38 0
#PSALDO -1 202408 2645 {6 "5011"} 200112.94 0
#PSALDO -1 202408 2645 {6 "5012"} 4332.97 0
#PSALDO -1 202409 2645 {6 "5014"} 95228.72 0
#PSALDO -1 202410 2645 {6 "5014"} 4348.06 0
#PSALDO -1 202410 2645 {6 "5017"} 257.09 0
#PSALDO -1 202411 2645 {6 "5015"} 119059.97 0
#PSALDO -1 202411 2645 {6 "5016"} 427.05 0
#PSALDO -1 202411 2645 {6 "5017"} 10193.55 0
#PSALDO -1 202411 2645 {6 "5018"} 2543.66 0
#PSALDO -1 202411 2645 {6 "5019"} 1758.32 0
#PSALDO -1 202412 2645 {6 "5011"} 202.51 0
#PSALDO -1 202412 2645 {6 "5014"} 149.39 0
#PSALDO -1 202412 2645 {6 "5019"} 36846.99 0
#PSALDO -1 202405 2828 {6 "5003"} -2290 0
#PSALDO -1 202403 2829 {6 "5000"} -594.5 0
#PSALDO -1 202403 2829 {6 "5003"} -299 0
#PSALDO -1 202411 2829 {6 "5010"} -221 0
#PSALDO -1 202407 2970 {6 "5011"} 581968 0
#PSALDO -1 202409 2970 {6 "5014"} 253489 0
#PSALDO -1 202410 2970 {6 "5016"} -60592 0
#PSALDO -1 202411 2970 {6 "5008"} -82650 0
#PSALDO -1 202411 2970 {6 "5015"} 324028 0
#PSALDO -1 202411 2970 {6 "5016"} -559955 0
#PSALDO -1 202411 2970 {6 "5019"} -416323 0
#PSALDO -1 202407 2990 {6 "5011"} -800451.54 0
#PSALDO -1 202408 2990 {6 "5011"} 800451.54 0
#PSALDO -1 202401 3010 {6 "5000"} -3422007 0
#PSALDO -1 202402 3010 {6 "5003"} -955692 0
#PSALDO -1 202403 3010 {6 "5007"} -295410 0
#PSALDO -1 202404 3010 {6 "5007"} -715710 0
#PSALDO -1 202407 3010 {6 "5011"} -581968 0
#PSALDO -1 202408 3010 {6 "5011"} -65544 0
#PSALDO -1 202408 3010 {6 "5013"} -99654 0
#PSALDO -1 202409 3010 {6 "5013"} -199528 0
#PSALDO -1 202409 3010 {6 "5014"} -54007 0
#PSALDO -1 202410 3010 {6 "5005"} -12800 0
#PSALDO -1 202410 3010 {6 "5013"} -79435 0
#PSALDO -1 202410 3010 {6 "5014"} -308116 0
#PSALDO -1 202410 3010 {6 "5016"} -60592 0
#PSALDO -1 202411 3010 {6 "5008"} -82650 0
#PSALDO -1 202411 3010 {6 "5013"} -78982 0
#PSALDO -1 202411 3010 {6 "5015"} -368293 0
#PSALDO -1 202411 3010 {6 "5016"} -559955 0
#PSALDO -1 202411 3010 {6 "5019"} -416323 0
#PSALDO -1 202412 3010 {6 "5013"} -235134 0
#PSALDO -1 202412 3010 {6 "5016"} -200000 0
#PSALDO -1 202410 3041 {6 "5014"} -22800 0
#PSALDO -1 202401 3350 {6 "5000"} 1500000 0
#PSALDO -1 202403 3350 {6 "5007"} 295410 0
#PSALDO -1 202404 3350 {6 "5007"} -212764 0
#PSALDO -1 202407 3350 {6 "5011"} -581968 0
#PSALDO -1 202408 3350 {6 "5013"} -843377 0
#PSALDO -1 202409 3350 {6 "5013"} 199528 0
#PSALDO -1 202409 3350 {6 "5014"} -428382 0
#PSALDO -1 202410 3350 {6 "5013"} 79435 0
#PSALDO -1 202410 3350 {6 "5014"} 174893 0
#PSALDO -1 202410 3350 {6 "5016"} 60592 0
#PSALDO -1 202411 3350 {6 "5008"} 82650 0
#PSALDO -1 202411 3350 {6 "5013"} 78982 0
#PSALDO -1 202411 3350 {6 "5015"} -324028 0
#PSALDO -1 202411 3350 {6 "5016"} 559955 0
#PSALDO -1 202411 3350 {6 "5019"} 416323 0
#PSALDO -1 202412 3350 {6 "5013"} 156008 0
#PSALDO -1 202403 3740 {6 "5007"} -0.5 0
#PSALDO -1 202404 3740 {6 "5007"} -1.5 0
#PSALDO -1 202408 3740 {6 "5011"} -1 0
#PSALDO -1 202408 3740 {6 "5013"} -0.5 0
#PSALDO -1 202409 3740 {6 "5014"} -0.25 0
#PSALDO -1 202410 3740 {6 "5013"} -0.25 0
#PSALDO -1 202410 3740 {6 "5014"} 0 0
#PSALDO -1 202411 3740 {6 "5008"} -0.5 0
#PSALDO -1 202411 3740 {6 "5013"} -0.5 0
#PSALDO -1 202411 3740 {6 "5015"} -0.75 0
#PSALDO -1 202411 3740 {6 "5016"} -0.25 0
#PSALDO -1 202411 3740 {6 "5019"} -0.25 0
#PSALDO -1 202412 3740 {6 "5013"} 0.5 0
#PSALDO -1 202412 3740 {6 "5019"} 0.24 0
#PSALDO -1 202402 3960 {6 "5001"} -5840.87 0
#PSALDO -1 202405 3960 {6 "5004"} -27.89 0
#PSALDO -1 202405 3960 {6 "5007"} -4672.26 0
#PSALDO -1 202406 3960 {6 "5008"} -408 0
#PSALDO -1 202409 3960 {6 "5012"} -12.49 0
#PSALDO -1 202411 3960 {6 "5015"} -3336.38 0
#PSALDO -1 202411 3960 {6 "5017"} -161.7 0
#PSALDO -1 202411 3960 {6 "5018"} -40.35 0
#PSALDO -1 202412 3960 {6 "5014"} -1.74 0
#PSALDO -1 202412 3960 {6 "5015"} -26.93 0
#PSALDO -1 202412 3960 {6 "5019"} -35.36 0
#PSALDO -1 202401 4010 {6 "5003"} 38910.1 0
#PSALDO -1 202402 4010 {6 "5000"} 196.87 0
#PSALDO -1 202402 4010 {6 "5003"} 81722.4 0
#PSALDO -1 202402 4010 {6 "5005"} 24576 0
#PSALDO -1 202403 4010 {6 "5000"} 127.6 0
#PSALDO -1 202403 4010 {6 "5005"} 89924.8 0
#PSALDO -1 202403 4010 {6 "5006"} 3890.5 0
#PSALDO -1 202404 4010 {6 "5005"} 28923.75 0
#PSALDO -1 202404 4010 {6 "5008"} 14754.6 0
#PSALDO -1 202405 4010 {6 "5003"} 17190.4 0
#PSALDO -1 202405 4010 {6 "5005"} 86444.8 0
#PSALDO -1 202405 4010 {6 "5008"} 4450.4 0
#PSALDO -1 202406 4010 {6 "5008"} 2480 0
#PSALDO -1 202406 4010 {6 "5011"} 2058.8 0
#PSALDO -1 202407 4010 {6 "5010"} 157598.5 0
#PSALDO -1 202409 4010 {6 "5015"} 5755.87 0
#PSALDO -1 202411 4010 {6 "5014"} 244.8 0
#PSALDO -1 202411 4010 {6 "5019"} 28295.2 0
#PSALDO -1 202412 4010 {6 "5016"} 173555.21 0
#PSALDO -1 202412 4010 {6 "5019"} 30668.41 0
#PSALDO -1 202412 4010 {6 "5020"} 654.2 0
#PSALDO -1 202401 4025 {6 "5000"} 73162.4 0
#PSALDO -1 202403 4025 {6 "5003"} 0 0
#PSALDO -1 202403 4025 {6 "5004"} 3290.5 0
#PSALDO -1 202404 4025 {6 "5000"} 410.4 0
#PSALDO -1 202404 4025 {6 "5003"} 127837.6 0
#PSALDO -1 202404 4025 {6 "5008"} 175.25 0
#PSALDO -1 202405 4025 {6 "5000"} 2500.8 0
#PSALDO -1 202405 4025 {6 "5008"} 11755.25 0
#PSALDO -1 202408 4025 {6 "5011"} 11720 0
#PSALDO -1 202408 4025 {6 "5013"} 80072.8 0
#PSALDO -1 202409 4025 {6 "5014"} 31908 0
#PSALDO -1 202410 4025 {6 "5014"} 3414.4 0
#PSALDO -1 202410 4025 {6 "5016"} 5431.1 0
#PSALDO -1 202411 4025 {6 "5013"} 2204.8 0
#PSALDO -1 202411 4025 {6 "5019"} 945.6 0
#PSALDO -1 202412 4025 {6 "5014"} 2004.8 0
#PSALDO -1 202412 4025 {6 "5016"} 4870.4 0
#PSALDO -1 202412 4025 {6 "5017"} 390.4 0
#PSALDO -1 202412 4025 {6 "5019"} 17691.2 0
#PSALDO -1 202412 4040 {6 "5001"} 176272 0
#PSALDO -1 202401 4515 {6 "5000"} 993773.71 0
#PSALDO -1 202402 4515 {6 "5001"} 1113823.91 0
#PSALDO -1 202402 4515 {6 "5003"} 634559.64 0
#PSALDO -1 202402 4515 {6 "5004"} 10877.54 0
#PSALDO -1 202403 4515 {6 "5000"} 7024.37 0
#PSALDO -1 202404 4515 {6 "5006"} 26162.44 0
#PSALDO -1 202404 4515 {6 "5007"} 413017.38 0
#PSALDO -1 202405 4515 {6 "5004"} 6716.58 0
#PSALDO -1 202405 4515 {6 "5005"} 622967.13 0
#PSALDO -1 202405 4515 {6 "5007"} 372712.75 0
#PSALDO -1 202405 4515 {6 "5008"} 320573 0
#PSALDO -1 202406 4515 {6 "5011"} 403.13 0
#PSALDO -1 202407 4515 {6 "5011"} 5549.54 0
#PSALDO -1 202408 4515 {6 "5011"} 800451.54 0
#PSALDO -1 202408 4515 {6 "5012"} 17331.77 0
#PSALDO -1 202408 4515 {6 "5013"} 438097.75 0
#PSALDO -1 202409 4515 {6 "5014"} 380914.43 0
#PSALDO -1 202410 4515 {6 "5014"} 17392.25 0
#PSALDO -1 202410 4515 {6 "5017"} 1028.46 0
#PSALDO -1 202411 4515 {6 "5015"} 476239.99 0
#PSALDO -1 202411 4515 {6 "5016"} 1708.22 0
#PSALDO -1 202411 4515 {6 "5017"} 40773.96 0
#PSALDO -1 202411 4515 {6 "5018"} 10174.64 0
#PSALDO -1 202411 4515 {6 "5019"} 7033.26 0
#PSALDO -1 202412 4515 {6 "5011"} 810.14 0
#PSALDO -1 202412 4515 {6 "5014"} 597.34 0
#PSALDO -1 202412 4515 {6 "5019"} 147387.95 0
#PSALDO -1 202407 4599 {6 "5011"} 800451.54 0
#PSALDO -1 202408 4599 {6 "5011"} -800451.54 0
#PSALDO -1 202402 4600 {6 "5000"} 117800 0
#PSALDO -1 202412 4600 {6 "5008"} 35000 0
#PSALDO -1 202403 4960 {6 "5005"} -114500.8 0
#PSALDO -1 202404 4960 {6 "5005"} 114500.8 0
#PSALDO -1 202407 4960 {6 "5010"} -157598.5 0
#PSALDO -1 202408 4960 {6 "5013"} 157598.5 0
#PSALDO -1 202403 5460 {6 "5003"} 26 0
#PSALDO -1 202403 5800 {6 "5000"} 614.88 0
#PSALDO -1 202403 5800 {6 "5003"} 406.36 0
#PSALDO -1 202404 5800 {6 "5005"} 6455.45 0
#PSALDO -1 202405 5800 {6 "5003"} 2044.64 0
#PSALDO -1 202405 5800 {6 "5005"} 320.75 0
#PSALDO -1 202411 5800 {6 "5010"} 208 0
#PSALDO -1 202404 5831 {6 "5005"} 475.11 0
#PSALDO -1 202401 7960 {6 "5000"} 5321.89 0
#PSALDO -1 202403 7960 {6 "5003"} 2092.86 0
#PSALDO -1 202403 7960 {6 "5004"} 12.24 0
#PSALDO -1 202404 7960 {6 "5000"} 93.38 0
#PSALDO -1 202404 7960 {6 "5007"} 4880.21 0
#PSALDO -1 202404 7960 {6 "5008"} 5116.28 0
#PSALDO -1 202405 7960 {6 "5005"} 149.89 0
#PSALDO -1 202405 7960 {6 "5006"} 293.13 0
#PSALDO -1 202407 7960 {6 "5011"} 8.06 0
#PSALDO -1 202410 7960 {6 "5014"} 2056.56 0
#PSALDO -1 202410 7960 {6 "5017"} 4.85 0
#PSALDO -1 202411 7960 {6 "5016"} 8.58 0


#PBUDGET -1 202401 3010 {} -2500000
#PBUDGET -1 202402 3010 {} -2500000
#PBUDGET -1 202403 3010 {} -2500000
#PBUDGET -1 202404 3010 {} -2500000
#PBUDGET -1 202405 3010 {} -2500000
#PBUDGET -1 202406 3010 {} -2500000
#PBUDGET -1 202407 3010 {} -2500000
#PBUDGET -1 202408 3010 {} -2500000
#PBUDGET -1 202409 3010 {} -2500000
#PBUDGET -1 202410 3010 {} -2500000
#PBUDGET -1 202411 3010 {} -2500000
#PBUDGET -1 202412 3010 {} -2500000
#PBUDGET -1 202401 4010 {} 1750000
#PBUDGET -1 202402 4010 {} 1750000
#PBUDGET -1 202403 4010 {} 1750000
#PBUDGET -1 202404 4010 {} 1750000
#PBUDGET -1 202405 4010 {} 1750000
#PBUDGET -1 202406 4010 {} 1750000
#PBUDGET -1 202407 4010 {} 1750000
#PBUDGET -1 202408 4010 {} 1750000
#PBUDGET -1 202409 4010 {} 1750000
#PBUDGET -1 202410 4010 {} 1750000
#PBUDGET -1 202411 4010 {} 1750000
#PBUDGET -1 202412 4010 {} 1750000
#PBUDGET -1 202401 5010 {} 145000
#PBUDGET -1 202402 5010 {} 145000
#PBUDGET -1 202403 5010 {} 145000
#PBUDGET -1 202404 5010 {} 145000
#PBUDGET -1 202405 5010 {} 145000
#PBUDGET -1 202406 5010 {} 145000
#PBUDGET -1 202407 5010 {} 145000
#PBUDGET -1 202408 5010 {} 145000
#PBUDGET -1 202409 5010 {} 145000
#PBUDGET -1 202410 5010 {} 145000
#PBUDGET -1 202411 5010 {} 145000
#PBUDGET -1 202412 5010 {} 145000
#PBUDGET -1 202401 7210 {} 320937
#PBUDGET -1 202402 7210 {} 320937
#PBUDGET -1 202403 7210 {} 320937
#PBUDGET -1 202404 7210 {} 320937
#PBUDGET -1 202405 7210 {} 331459
#PBUDGET -1 202406 7210 {} 331459
#PBUDGET -1 202407 7210 {} 331459
#PBUDGET -1 202408 7210 {} 331459
#PBUDGET -1 202409 7210 {} 331459
#PBUDGET -1 202410 7210 {} 331459
#PBUDGET -1 202411 7210 {} 331459
#PBUDGET -1 202412 7210 {} 331464
#PBUDGET -1 202401 7811 {} 50000
#PBUDGET -1 202402 7811 {} 50000
#PBUDGET -1 202403 7811 {} 50000
#PBUDGET -1 202404 7811 {} 50000
#PBUDGET -1 202405 7811 {} 50000
#PBUDGET -1 202406 7811 {} 50000
#PBUDGET -1 202407 7811 {} 50000
#PBUDGET -1 202408 7811 {} 50000
#PBUDGET -1 202409 7811 {} 50000
#PBUDGET -1 202410 7811 {} 50000
#PBUDGET -1 202411 7811 {} 50000
#PBUDGET -1 202412 7811 {} 50000
#PBUDGET -1 202401 8311 {} 20000
#PBUDGET -1 202402 8311 {} 20000
#PBUDGET -1 202403 8311 {} 20000
#PBUDGET -1 202404 8311 {} 20000
#PBUDGET -1 202405 8311 {} 20000
#PBUDGET -1 202406 8311 {} 20000
#PBUDGET -1 202407 8311 {} 20000
#PBUDGET -1 202408 8311 {} 20000
#PBUDGET -1 202409 8311 {} 20000
#PBUDGET -1 202410 8311 {} 20000
#PBUDGET -1 202411 8311 {} 20000
#PBUDGET -1 202412 8311 {} 20000

#VER A 1 20250102 "Kreditränta" 20250121
{
#TRANS 1920 {} -1023.42 "" "" 0
#TRANS 2960 {} 1023.42 "" "" 0
}
#VER A 2 20250102 "Nordea LIV 1172 12 47807 Nordea LIV 1172 12 47807 (20250102100071428891323)" 20250121
{
#TRANS 1920 {} -13500 "" "" 0
#TRANS 7410 {} 13500 "" "" 0
#TRANS 7530 {} 3275.1 "" "" 0
#TRANS 2514 {} -3275.1 "" "" 0
}
#VER A 3 20250102 "Kontraktsränta Kontraktsränta (2025010228403316871)" 20250121
{
#TRANS 1920 {} -13000 "" "" 0
#TRANS 8413 {} 13000 "" "" 0
}
#VER A 4 20250107 "Utläggsbetalning Sandra" 20250121
{
#TRANS 1920 {} -3359 "" "" 0
#TRANS 2820 {} 3359 "" "" 0
}
#VER A 5 20250107 "Utläggsbetalning Vita" 20250121
{
#TRANS 1920 {} -52904.54 "" "" 0
#TRANS 2828 {} 52904.54 "" "" 0
}
#VER A 6 20250107 "bankkostnader" 20250121
{
#TRANS 1920 {} -3340.55 "" "" 0
#TRANS 6570 {} 3340.55 "" "" 0
}
#VER A 7 20250110 "Överföring 1920-1921" 20250122
{
#TRANS 1920 {} -925415.34 "" "" 0
#TRANS 1921 {} 925415.34 "" "" 0
}
#VER A 8 20250107 "UTLÄGG 60010986785628 UTLÄGG 60010986785628 (2025010798694875491)" 20250123
{
#TRANS 1920 {} -236 "" "" 0
#BTRANS 2820 {} 236 "" "" 0 "Amanda Andrén"
#RTRANS 2641 {} 47.2 "" "" 0 "Amanda Andrén"
#TRANS 2641 {} 47.2 "" "" 0
#RTRANS 5810 {} 188.8 "" "" 0 "Amanda Andrén"
#TRANS 5810 {} 188.8 "" "" 0
}
#VER A 9 20250107 "UTLÄGG 810597343654781 UTLÄGG 810597343654781 (2025010798694875471)" 20250123
{
#TRANS 1920 {} -5000 "" "" 0
#TRANS 2820 {} 5000 "" "" 0
}
#VER A 10 20250131 "Periodisering av verifikation D539" 20250204
{
#TRANS 1790 {} -2530 "" "" 0
#TRANS 5910 {} 2530 "" "" 0
}
#VER A 11 20250131 "Periodisering av verifikation B313" 20250204
{
#TRANS 2970 {} 12505 "" "" 0
#TRANS 3350 {} -12505 "" "" 0
}
#VER A 12 20250120 "Nova Luce förskottsbetalning" 20250204
{
#TRANS 1921 {} -3514.59 "" "297,15 * 11,4945" 0
#TRANS 1480 {} 3514.59 "" "" 0
}
#VER A 13 20250123 "Nova Luce förskottsbetalning" 20250204
{
#TRANS 1921 {} -3407.86 "" "297,15 * 11,4685" 0
#TRANS 1480 {} 3407.86 "" "" 0
}
#VER A 14 20250131 "Semesterskuld januari" 20250211
{
#TRANS 2920 {} -11035.33 "" "" 0
#TRANS 7290 {} 11035.33 "" "" 0
#TRANS 2941 {} -3467.3 "" "" 0
#TRANS 7519 {} 3467.3 "" "" 0
}
#VER A 15 20250117 "Skattekonto januari" 20250212
{
#TRANS 1630 {} 19 "" "" 0
#TRANS 8314 {} -19 "" "" 0
#TRANS 1630 {} -24524 "" "" 0
#TRANS 2518 {} 24524 "" "" 0
#TRANS 1630 {} -55602 "" "" 0
#BTRANS 2730 {} 55602 "" "" 0 "Jennifer Ekenstedt"
#TRANS 1630 {} -41811 "" "" 0
#TRANS 2710 {} 41811 "" "" 0
#TRANS 1630 {} -385198 "" "" 0
#TRANS 2650 {} 385198 "" "" 0
#RTRANS 2731 {} 55602 "" "" 0 "Jennifer Ekenstedt"
#TRANS 2731 {} 55602 "" "" 0
}
#VER A 16 20250102 "Kreditränta och intäktsränta EUR-konto" 20250214
{
#BTRANS 2960 {} 1023.42 "" "" 0 "Amanda Andrén"
#TRANS 2960 {} 12865.34 "" "11,4865 * 1 120,04 EUR" 0
#BTRANS 8413 {} -13888.76 "" "" 0 "Amanda Andrén"
#TRANS 2960 {} -168.16 "" "" 0
#BTRANS 8311 {} 168.16 "" "" 0 "Amanda Andrén"
#BTRANS 8413 {} -12865.34 "" "" 0 "Amanda Andrén"
#RTRANS 1921 {} -12865.34 "" "11,4865 * 1 120,04 EUR" 0 "Amanda Andrén"
#TRANS 1921 {} -12865.34 "" "11,4865 * 1 120,04 EUR" 0
#RTRANS 1921 {} 168.16 "" "11,4865 * 14,64 EUR" 0 "Amanda Andrén"
#TRANS 1921 {} 168.16 "" "11,4865 * 14,64 EUR" 0
}
#VER A 17 20250131 "Reservering Blong AB 2025-01" 20250214
{
#TRANS 2990 {} -12500 "" "" 0
#TRANS 6550 {} 12500 "" "" 0
}
#VER A 18 20250101 "Vändning levskulder UAB frćn 2024-12-31" 20250214
{
#TRANS 2460 {} 899810.53 "" "Leverantörsskulder till UAB" 0
#TRANS 2440 {} -899810.53 "" "Leverantörsskulder till UAB" 0
#TRANS 2460 {} 215.44 "" "Leverantörsskulder till UAB" 0
#TRANS 2447 {} -215.44 "" "" 0
}
#VER A 19 20250107 "Vändning förskott frćn december, leverans i januari" 20250214
{
#TRANS 1480 {} -88807.84 "" "Levfakt UAB Resize Design (6088) - Leverans 2025-01-07: SO02528 - Café och Brasserie Oscar AB" 0
#TRANS 4515 {} 88807.84 "" "Levfakt UAB Resize Design (6088) - Leverans 2025-01-07: SO02528 - Café och Brasserie Oscar AB" 0
#TRANS 2615 {} -22201.96 "" "" 0
#TRANS 2645 {} 22201.96 "" "" 0
#TRANS 1480 {} -141907.79 "" "Levfakt UAB Resize Design (6090) - Leverans 2025-01-07: SO02534 - Orangeriet" 0
#TRANS 4515 {} 141907.79 "" "Levfakt UAB Resize Design (6090) - Leverans 2025-01-07: SO02534 - Orangeriet" 0
#TRANS 2615 {} -35476.95 "" "" 0
#TRANS 2645 {} 35476.95 "" "" 0
}
#VER A 20 20250107 "Kontraktränta 2 000 EUR " 20250214
{
#TRANS 1921 {} -22844.6 "" "11,4223	* 2 000 EUR" 0
#TRANS 8413 {} 22844.6 "" "11,4223	* 2 000 EUR" 0
}
#VER A 21 20250131 "Valutajustering EUR-konto" 20250214
{
#TRANS 1921 {} -4844.54 "" "" 0
#TRANS 8330 {} 4844.54 "" "" 0
}
#VER A 22 20250131 "Vändning pćgćende projekt 2025-01" 20250214
{
#TRANS 1470 {} -14491 "" "" 0
#TRANS 3350 {} 138730 "" "Brasserie Linköping & Orangeriet Umeć" 0
#TRANS 4970 {} -124239 "" "Brasserie Linköping & Orangeriet Umeć" 0
#RTRANS 1470 {} -15950 "" "House Be - etapp 3.1 - Work chairsHouse Be - etapp 3.1 - Work chairs" 0 "Amanda Andrén"
#TRANS 1470 {} -15950 "" "House Be - etapp 3.1 - Work chairsHouse Be - etapp 3.1 - Work chairs" 0
#RTRANS 3350 {} 31900 "" "House Be - etapp 3.1 - Work chairs" 0 "Amanda Andrén"
#TRANS 3350 {} 31900 "" "House Be - etapp 3.1 - Work chairs" 0
#RTRANS 4970 {} -15950 "" "House Be - etapp 3.1 - Work chairs" 0 "Amanda Andrén"
#TRANS 4970 {} -15950 "" "House Be - etapp 3.1 - Work chairs" 0
#RTRANS 1470 {6 "5019"} -6675 "" "Marriott Ulriksdal / Rollaway beds" 0 "Amanda Andrén"
#TRANS 1470 {6 "5019"} -6675 "" "Marriott Ulriksdal / Rollaway beds" 0
#RTRANS 3350 {6 "5019"} 13350 "" "Marriott Ulriksdal / Rollaway beds" 0 "Amanda Andrén"
#TRANS 3350 {6 "5019"} 13350 "" "Marriott Ulriksdal / Rollaway beds" 0
#RTRANS 4970 {6 "5019"} -6675 "" "Marriott Ulriksdal / Rollaway beds" 0 "Amanda Andrén"
#TRANS 4970 {6 "5019"} -6675 "" "Marriott Ulriksdal / Rollaway beds" 0
#RTRANS 1470 {} -3888 "" "Kundfaktura Marriott AC Ulriksdal, Joakim Zetterberg (2025010019)" 0 "Amanda Andrén"
#TRANS 1470 {} -3888 "" "Kundfaktura Marriott AC Ulriksdal, Joakim Zetterberg (2025010019)" 0
#RTRANS 3350 {} 12960 "" "Kundfaktura Marriott AC Ulriksdal, Joakim Zetterberg (2025010019)" 0 "Amanda Andrén"
#TRANS 3350 {} 12960 "" "Kundfaktura Marriott AC Ulriksdal, Joakim Zetterberg (2025010019)" 0
#RTRANS 4970 {} -9072 "" "Kundfaktura Marriott AC Ulriksdal, Joakim Zetterberg (2025010019)" 0 "Amanda Andrén"
#TRANS 4970 {} -9072 "" "Kundfaktura Marriott AC Ulriksdal, Joakim Zetterberg (2025010019)" 0
}
#VER A 23 20250131 "Upplupna intäkter, HighCourt 2025-01" 20250214
{
#TRANS 1791 {} 5000 "" "" 0
#TRANS 3350 {} -5000 "" "" 0
#TRANS 1791 {} 82900 "" "" 0
#TRANS 3350 {} -82900 "" "" 0
}
#VER A 24 20250131 "Upplupna intäkter, Upsales Nordic " 20250214
{
#TRANS 1791 {} 29200 "" "" 0
#TRANS 3350 {} -29200 "" "" 0
}
#VER A 25 20250131 "Reservering kostnad House Be - etapp 3.1 - Work chairs & Marriott Ulriksdal tilläggsorder" 20250217
{
#TRANS 2990 {} -15950 "" "House Be - etapp 3.1" 0
#TRANS 4010 {} 15950 "" "House Be - etapp 3.1" 0
#BTRANS 2990 {} -13608 "" "Marriott Ulriksdal tilläggsorder" 0 "Amanda Andrén"
#BTRANS 4010 {} 13608 "" "Marriott Ulriksdal tilläggsorder" 0 "Amanda Andrén"
#RTRANS 2990 {} -6675 "" "Marriott Ulriksdal / Rollaway beds" 0 "Amanda Andrén"
#TRANS 2990 {} -6675 "" "Marriott Ulriksdal / Rollaway beds" 0
#RTRANS 4010 {} 6675 "" "Marriott Ulriksdal / Rollaway beds" 0 "Amanda Andrén"
#TRANS 4010 {} 6675 "" "Marriott Ulriksdal / Rollaway beds" 0
}
#VER A 26 20250131 "Immateriella avskrivningar, eget kapital 24-12" 20250217
{
#TRANS 2089 {} -29853 "" "" 0
#TRANS 2091 {} 29853 "" "" 0
}
#VER A 27 20250217 "Överföring 1920-1921" 20250221
{
#TRANS 1920 {} -734967.92 "" "" 0
#TRANS 1921 {} 734967.92 "" "" 0
}
#VER A 28 20250205 "Avgift Avgift (20250205283828564621)" 20250221
{
#TRANS 1920 {} -185.5 "" "" 0
#TRANS 6570 {} 185.5 "" "" 0
}
#VER A 29 20250203 "Nordea LIV 1172 12 47807 Nordea LIV 1172 12 47807 (20250203100071433891413)" 20250221
{
#TRANS 1920 {} -13500 "" "" 0
#TRANS 7410 {} 13500 "" "" 0
#TRANS 7530 {} 3275.1 "" "" 0
#TRANS 2514 {} -3275.1 "" "" 0
}
#VER A 30 20250225 "Överföring 1920-1921" 20250226
{
#TRANS 1920 {} -449102.93 "" "" 0
#TRANS 1921 {} 449102.93 "" "" 0
}
#VER A 31 20250228 "Periodisering av verifikation D539" 20250303
{
#TRANS 1790 {} -2530 "" "" 0
#TRANS 5910 {} 2530 "" "" 0
}
#VER A 32 20250228 "Periodisering av verifikation B26" 20250303
{
#TRANS 2970 {} 12505 "" "" 0
#TRANS 3350 {} -12505 "" "" 0
}
#VER A 33 20250219 "Betalning Profroma UAB Resize Design" 20250304
{
#TRANS 1921 {} -254546.59 "" "11,214 *22 699 EUR" 0
#TRANS 1480 {} 254546.59 "" "" 0
}
#VER A 34 20250221 "Slalom förskottsfaktura" 20250304
{
#TRANS 1921 {} -8410.36 "" "754,80 EUR*11,1425" 0
#TRANS 1480 {} 8410.36 "" "" 0
}
#VER A 35 20250228 "Förskottsfaktura UAB Resize Design" 20250304
{
#TRANS 1921 {} -836075.1 "" "74729,63 *11,188" 0
#TRANS 1480 {} 836075.1 "" "" 0
}
#VER A 36 20250228 "Valutajustering EUR-konto" 20250304
{
#TRANS 1921 {} 1691.82 "" "" 0
#TRANS 8330 {} -1691.82 "" "" 0
}
#VER A 37 20250228 "Semesterskuld februari" 20250304
{
#TRANS 2920 {} -5336.33 "" "" 0
#TRANS 7290 {} 5336.33 "" "" 0
#TRANS 2941 {} -1676.67 "" "" 0
#TRANS 7519 {} 1676.67 "" "" 0
}
#VER A 38 20250212 "Skattekonto februari" 20250306
{
#TRANS 1630 {} 16 "" "" 0
#TRANS 8314 {} -16 "" "" 0
#TRANS 1630 {} -24524 "" "" 0
#TRANS 2518 {} 24524 "" "" 0
#TRANS 1630 {} -43936 "" "" 0
#TRANS 2731 {} 43936 "" "" 0
#TRANS 1630 {} -31110 "" "" 0
#TRANS 2710 {} 31110 "" "" 0
#TRANS 1630 {} -224634 "" "" 0
#TRANS 2650 {} 224634 "" "" 0
#TRANS 1630 {} 1006 "" "" 0
#TRANS 3997 {} -1006 "" "" 0
}
#VER A 39 20250228 "Reservering Blong AB 2025-02" 20250310
{
#TRANS 2990 {} -12500 "" "" 0
#TRANS 6550 {} 12500 "" "" 0
}
#VER A 40 20250228 "Immateriella avskrivningar, eget kapital 25-02" 20250312
{
#TRANS 2089 {} 27503 "" "" 0
#TRANS 2091 {} -27503 "" "" 0
}
#VER A 41 20250201 "Nova Luce dubbelbetalning & invoice" 20250312
{
#TRANS 1480 {} -3407.86 "" "" 0
#TRANS 4515 {} 3407.86 "" "" 0
#TRANS 2615 {} -851.97 "" "" 0
#TRANS 2645 {} 851.97 "" "" 0
#TRANS 1480 {} -3514.59 "" "" 0
#TRANS 1684 {} 3514.59 "" "297,15 EUR" 0
}
#VER A 42 20250228 "Vändning pćgćende projekt SO02485: Hotel Arkipelag" 20250313
{
#TRANS 1470 {6 "5023"} -633884 "" "" 0
#TRANS 3350 {6 "5023"} 1092903 "" "" 0
#TRANS 4970 {6 "5023"} -459019 "" "" 0
#RTRANS 1790 {6 "5023"} 79402 "" "Fraktkostnad frćn UAB som ej är fakturerad ännu" 0 "Amanda Andrén"
#TRANS 1790 {6 "5023"} 79402 "" "Fraktkostnad frćn UAB som ej är fakturerad ännu" 0
#RTRANS 4970 {6 "5023"} -79402 "" "" 0 "Amanda Andrén"
#TRANS 4970 {6 "5023"} -79402 "" "" 0
}
#VER A 43 20250201 "Ändringsverifikation A25" 20250313
{
#BTRANS 2990 {} 15950 "" "House Be - etapp 3.1" 0 "Amanda Andrén"
#BTRANS 4010 {} -15950 "" "House Be - etapp 3.1" 0 "Amanda Andrén"
#TRANS 2990 {} 6675 "" "Marriott Ulriksdal / Rollaway beds" 0
#TRANS 4010 {} -6675 "" "Marriott Ulriksdal / Rollaway beds" 0
}
#VER A 44 20250228 "Vändning pćgćende projekt SO02404: Marriott Ulriksdal - 24 rum" 20250313
{
#TRANS 1470 {6 "5019"} -35085 "" "" 0
#TRANS 3350 {6 "5019"} 116951 "" "" 0
#TRANS 4970 {6 "5019"} -81866 "" "" 0
}
#VER A 45 20250228 "Vändning pćgćende projekt SO02631: Upsales Kungsgatan / Curtains" 20250313
{
#TRANS 1470 {} -19980 "" "" 0
#TRANS 3350 {} 66600 "" "" 0
#TRANS 4970 {} -46620 "" "" 0
}
#VER A 46 20250228 "Vändning pćgćende projekt SO02511: Cafe & Brasserie (Linköping) " 20250313
{
#TRANS 1470 {} -21456 "" "" 0
#TRANS 3350 {} 71520 "" "" 0
#TRANS 4970 {} -50064 "" "" 0
}
#VER A 47 20250228 "Vändning pćgćende projekt & förskott: 2024-12-19 Kundfaktura Netlight (2024120021)" 20250313
{
#TRANS 2420 {} 45000 "" "" 0
#TRANS 1470 {} -45000 "" "" 0
}
#VER A 48 20250228 "Upplupen intäkt: Kundfaktura Arvid Norquist (2025030004): SO02500" 20250313
{
#TRANS 1791 {6 "5022"} 79600 "" "" 0
#TRANS 3350 {6 "5022"} -79600 "" "" 0
#TRANS 2420 {6 "5022"} 79600 "" "" 0
#TRANS 3350 {6 "5022"} -79600 "" "" 0
#TRANS 1470 {6 "5022"} -9552 "" "" 0
#TRANS 3350 {6 "5022"} 31840 "" "" 0
#TRANS 4970 {6 "5022"} -22288 "" "" 0
#BTRANS 2990 {6 "5022"} -41121 "" "" 0 "Amanda Andrén"
#BTRANS 4010 {6 "5022"} 41121 "" "" 0 "Amanda Andrén"
#RTRANS 2990 {6 "5022"} -18432 "" "Reservering montagekostnad - ej inkommet" 0 "Amanda Andrén"
#TRANS 2990 {6 "5022"} -18432 "" "Reservering montagekostnad - ej inkommet" 0
#RTRANS 4025 {6 "5022"} 18432 "" "Reservering montagekostnad - ej inkommet" 0 "Amanda Andrén"
#TRANS 4025 {6 "5022"} 18432 "" "Reservering montagekostnad - ej inkommet" 0
}
#VER A 49 20250228 "Kundfaktura Upsales Nordic AB  (2025030005): SO02624" 20250313
{
#TRANS 1791 {} 43840 "" "" 0
#TRANS 3350 {} -43840 "" "" 0
#TRANS 2420 {} 43840 "" "" 0
#TRANS 3350 {} -43840 "" "" 0
#TRANS 1470 {} -13152 "" "" 0
#TRANS 3350 {} 43840 "" "" 0
#TRANS 4970 {} -30688 "" "" 0
#BTRANS 2990 {} -41383 "" "" 0 "Amanda Andrén"
#BTRANS 4010 {} 41383 "" "" 0 "Amanda Andrén"
#RTRANS 2990 {} -13250 "" "Installationskostnad, ej inkommet" 0 "Amanda Andrén"
#TRANS 2990 {} -13250 "" "Installationskostnad, ej inkommet" 0
#RTRANS 4025 {} 13250 "" "" 0 "Amanda Andrén"
#TRANS 4025 {} 13250 "" "" 0
}
#VER A 50 20250228 "Kundfaktura Upsales Nordic AB  (2025030006): SO02659" 20250313
{
#TRANS 1791 {} 8340 "" "" 0
#TRANS 3350 {} -8340 "" "" 0
}
#VER A 51 20250228 "Vändning pćgćende projekt SO02601: Puustelli " 20250314
{
#TRANS 1470 {} -33352 "" "" 0
#TRANS 3350 {} 111174 "" "" 0
#TRANS 4970 {} -77822 "" "" 0
}
#VER A 55 20250228 "Reservering kostnad för projekt 2404: Marrott" 20250314
{
#TRANS 2990 {6 "5019"} -145444 "" "13 000 EUR * 11,188" 0
#TRANS 4010 {6 "5019"} 145444 "" "13 000 EUR * 11,188" 0
}
#VER B 1 20250102 "Kundfaktura Sina Samiei (2025010002)" 20250114
{
#TRANS 3010 {} -4460 "" "" 0
#TRANS 2611 {} -1115 "" "" 0
#TRANS 1510 {} 5575 "" "" 0
}
#VER B 2 20250108 "Kundfaktura Strand Hotell (2025010007)" 20250114
{
#TRANS 3010 {} -333310 "" "" 0
#TRANS 2611 {} -83327.5 "" "Bet 13/1" 0
#TRANS 3740 {} -0.5 "" "" 0
#TRANS 1510 {} 416638 "" "" 0
#BTRANS 1791 {} -333310 "" "" 0 "Jennifer Ekenstedt"
#RTRANS 3350 {} 333310 "" "" 0 "Jennifer Ekenstedt"
#TRANS 3350 {} 333310 "" "" 0
#BTRANS 2970 {} -333310 "" "" 0 "Amanda Andrén"
#RTRANS 2420 {} -333310 "" "" 0 "Amanda Andrén"
#TRANS 2420 {} -333310 "" "" 0
}
#VER B 3 20250110 "Kundfaktura Grand Hotel i Halmstad AB (2025010009)" 20250114
{
#TRANS 3010 {} -47990 "" "" 0
#TRANS 2611 {} -11997.5 "" "Bet 13/1" 0
#TRANS 3740 {} -0.5 "" "" 0
#TRANS 1510 {} 59988 "" "" 0
#BTRANS 2970 {} -47990 "" "" 0 "Amanda Andrén"
#RTRANS 3350 {} 47990 "" "" 0 "Jennifer Ekenstedt"
#TRANS 3350 {} 47990 "" "" 0
#BTRANS 2450 {} -47990 "" "" 0 "Amanda Andrén"
#RTRANS 2420 {} -47990 "" "" 0 "Amanda Andrén"
#TRANS 2420 {} -47990 "" "" 0
}
#VER B 4 20250108 "Kundfaktura Resize Design UAB  (2025010005)" 20250117
{
#TRANS 3018 {} -2011.54 "" "" 0
#TRANS 1510 {} 2011.54 "" "" 0
}
#VER B 5 20250114 "Kundfaktura PS Skylt & Inredning, JumpYard Nacka Forum (2025010012)" 20250121
{
#TRANS 3010 {} -54462 "" "" 0
#TRANS 2611 {} -13615.5 "" "Bet 17/1" 0
#TRANS 3740 {} -0.5 "" "" 0
#TRANS 1510 {} 68078 "" "" 0
#BTRANS 2970 {} -54462 "" "" 0 "Amanda Andrén"
#RTRANS 3350 {} 54462 "" "" 0 "Jennifer Ekenstedt"
#TRANS 3350 {} 54462 "" "" 0
#RTRANS 2420 {} -54462 "" "" 0 "Amanda Andrén"
#TRANS 2420 {} -54462 "" "" 0
}
#VER B 6 20250113 "Kundfaktura Orangeriet Boule & Bistro AB (2025010010)" 20250128
{
#TRANS 3010 {} -60592 "" "" 0
#TRANS 2611 {} -15148 "" "" 0
#TRANS 1510 {} 75740 "" "" 0
#RTRANS 2420 {} 60592 "" "" 0 "Amanda Andrén"
#TRANS 2420 {} 60592 "" "" 0
#RTRANS 3350 {} -60592 "" "" 0 "Amanda Andrén"
#TRANS 3350 {} -60592 "" "" 0
}
#VER B 7 20250113 "Kundfaktura Orangeriet Boule & Bistro AB (2025010011)" 20250128
{
#TRANS 3010 {} -28595 "" "" 0
#TRANS 2611 {} -7148.75 "" "" 0
#TRANS 3740 {} -0.25 "" "" 0
#TRANS 1510 {} 35744 "" "" 0
}
#VER B 8 20250109 "Kundfaktura Marriott AC Ulriksdal, Joakim Zetterberg (2025010008)" 20250130
{
#TRANS 3010 {6 "5019"} -30310 "" "" 0
#TRANS 2611 {6 "5019"} -7577.5 "" "" 0
#TRANS 3740 {6 "5019"} -0.5 "" "" 0
#TRANS 1510 {6 "5019"} 37888 "" "" 0
}
#VER B 9 20250124 "Kundfaktura BHG Uppsala AB, Best Western Hotel Svava (2025010015)" 20250130
{
#TRANS 3010 {} -423321 "" "" 0
#TRANS 2611 {} -105830.25 "" "bet 29/1" 0
#TRANS 3740 {} 0.25 "" "" 0
#TRANS 1510 {} 529151 "" "" 0
#BTRANS 2970 {} -423321 "" "" 0 "Amanda Andrén"
#RTRANS 3350 {} 423321 "" "" 0 "Jennifer Ekenstedt"
#TRANS 3350 {} 423321 "" "" 0
#RTRANS 2420 {} -423321 "" "" 0 "Amanda Andrén"
#TRANS 2420 {} -423321 "" "" 0
}
#VER B 10 20250130 "Kundfaktura PS Skylt & Inredning, JumpYard Nacka Forum (2025010023)" 20250207
{
#TRANS 3010 {} -30842 "" "" 0
#TRANS 2611 {} -7710.5 "" "" 0
#TRANS 3740 {} -0.5 "" "" 0
#TRANS 1510 {} 38553 "" "" 0
#BTRANS 2970 {} -30842 "" "" 0 "Amanda Andrén"
#RTRANS 3350 {} 30842 "" "" 0 "Jennifer Ekenstedt"
#TRANS 3350 {} 30842 "" "" 0
#RTRANS 2420 {} -30842 "" "" 0 "Amanda Andrén"
#TRANS 2420 {} -30842 "" "" 0
}
#VER B 11 20250131 "Kundfaktura Söderfors Conference & Retreat center AB (2025010028)" 20250207
{
#TRANS 3010 {} -49528 "" "" 0
#TRANS 2611 {} -12382 "" "" 0
#TRANS 1510 {} 61910 "" "" 0
#BTRANS 2970 {} -49528 "" "" 0 "Amanda Andrén"
#RTRANS 3350 {} 49528 "" "" 0 "Jennifer Ekenstedt"
#TRANS 3350 {} 49528 "" "" 0
#RTRANS 2420 {} -49528 "" "" 0 "Amanda Andrén"
#TRANS 2420 {} -49528 "" "" 0
}
#VER B 12 20250130 "Kundfaktura PS Skylt & Inredning, JumpYard Nacka Forum (2025010024)" 20250207
{
#TRANS 3010 {} -55240 "" "" 0
#TRANS 2611 {} -13810 "" "" 0
#TRANS 1510 {} 69050 "" "" 0
#BTRANS 2970 {} -55240 "" "" 0 "Amanda Andrén"
#RTRANS 3350 {} 55240 "" "" 0 "Jennifer Ekenstedt"
#TRANS 3350 {} 55240 "" "" 0
#RTRANS 2420 {} -55240 "" "" 0 "Amanda Andrén"
#TRANS 2420 {} -55240 "" "" 0
}
#VER B 13 20250130 "Kundfaktura PS Skylt & Inredning, JumpYard Nacka Forum (2025010022)" 20250207
{
#TRANS 3010 {} -73753 "" "" 0
#TRANS 2611 {} -18438.25 "" "" 0
#TRANS 3740 {} 0.25 "" "" 0
#TRANS 1510 {} 92191 "" "" 0
#BTRANS 2970 {} -73753 "" "" 0 "Amanda Andrén"
#RTRANS 3350 {} 73753 "" "" 0 "Jennifer Ekenstedt"
#TRANS 3350 {} 73753 "" "" 0
#RTRANS 2420 {} -73753 "" "" 0 "Amanda Andrén"
#TRANS 2420 {} -73753 "" "" 0
}
#VER B 14 20250131 "Kundfaktura Sesam Interior AB (2025010026)" 20250207
{
#TRANS 3010 {} -194103 "" "" 0
#TRANS 2611 {} -48525.75 "" "" 0
#TRANS 3740 {} -0.25 "" "" 0
#TRANS 1510 {} 242629 "" "" 0
#BTRANS 2970 {} -194103 "" "" 0 "Amanda Andrén"
#RTRANS 3350 {} 194103 "" "" 0 "Jennifer Ekenstedt"
#TRANS 3350 {} 194103 "" "" 0
#RTRANS 2420 {} -194103 "" "" 0 "Amanda Andrén"
#TRANS 2420 {} -194103 "" "" 0
}
#VER B 15 20250102 "Kundfaktura House Be AB (2025010001)" 20250207
{
#TRANS 3010 {} -77479 "" "" 0
#TRANS 2611 {} -19369.75 "" "" 0
#TRANS 3740 {} -0.25 "" "" 0
#TRANS 1510 {} 96849 "" "" 0
}
#VER B 16 20250107 "Kundfaktura Café & Brasserie Oscar AB (2025010003)" 20250207
{
#TRANS 3010 {} -47320 "" "" 0
#TRANS 2611 {} -11830 "" "" 0
#TRANS 1510 {} 59150 "" "" 0
#RTRANS 2420 {} 47320 "" "" 0 "Amanda Andrén"
#TRANS 2420 {} 47320 "" "" 0
#RTRANS 3350 {} -47320 "" "" 0 "Amanda Andrén"
#TRANS 3350 {} -47320 "" "" 0
}
#VER B 17 20250107 "Kundfaktura Café & Brasserie Oscar AB (2025010004)" 20250207
{
#TRANS 3010 {} -11760 "" "" 0
#TRANS 2611 {} -2940 "" "" 0
#TRANS 1510 {} 14700 "" "" 0
}
#VER B 18 20250117 "Kundfaktura Sesam Interior AB (2025010013)" 20250207
{
#TRANS 3010 {} -187819 "" "" 0
#TRANS 2611 {} -46954.75 "" "" 0
#TRANS 3740 {} -0.25 "" "" 0
#TRANS 1510 {} 234774 "" "" 0
#BTRANS 2970 {} -187819 "" "" 0 "Amanda Andrén"
#BTRANS 3350 {} 187819 "" "" 0 "Amanda Andrén"
#BTRANS 2420 {} -187819 "" "" 0 "Amanda Andrén"
}
#VER B 19 20250120 "Kundfaktura AC Hotel Marriott Ulriksdal (2025010014)" 20250207
{
#TRANS 3010 {6 "5019"} -37950 "" "" 0
#TRANS 2611 {6 "5019"} -9487.5 "" "" 0
#TRANS 3740 {6 "5019"} -0.5 "" "" 0
#TRANS 1510 {6 "5019"} 47438 "" "" 0
#BTRANS 2970 {6 "5019"} -37950 "" "" 0 "Amanda Andrén"
#BTRANS 3350 {6 "5019"} 37950 "" "" 0 "Amanda Andrén"
#BTRANS 2420 {6 "5019"} -37950 "" "" 0 "Amanda Andrén"
}
#VER B 20 20250124 "Kundfaktura Workaround, Alexander (2025010016)" 20250207
{
#TRANS 3010 {} -1500 "" "" 0
#TRANS 2611 {} -375 "" "" 0
#TRANS 1510 {} 1875 "" "" 0
}
#VER B 21 20250124 "Kundfaktura Marriott AC Ulriksdal, Joakim Zetterberg (2025010017)" 20250207
{
#TRANS 3010 {6 "5019"} -26700 "" "" 0
#TRANS 2611 {6 "5019"} -6675 "" "" 0
#TRANS 1510 {6 "5019"} 33375 "" "" 0
}
#VER B 22 20250124 "Kundfaktura House Be AB (2025010018)" 20250207
{
#TRANS 3010 {} -63800 "" "" 0
#TRANS 2611 {} -15950 "" "" 0
#TRANS 1510 {} 79750 "" "" 0
}
#VER B 23 20250124 "Kundfaktura Marriott AC Ulriksdal, Joakim Zetterberg (2025010019)" 20250207
{
#TRANS 3010 {6 "5019"} -32400 "" "" 0
#TRANS 2611 {6 "5019"} -8100 "" "" 0
#TRANS 1510 {6 "5019"} 40500 "" "" 0
}
#VER B 24 20250127 "Kundfaktura Nybroe Smörrebröd AB, Vincent Wilhelm (2025010020)" 20250207
{
#BTRANS 3010 {} -10000 "" "" 0 "Amanda Andrén"
#TRANS 2611 {} -2500 "" "" 0
#TRANS 1510 {} 12500 "" "" 0
#RTRANS 3041 {} -10000 "" "" 0 "Amanda Andrén"
#TRANS 3041 {} -10000 "" "" 0
}
#VER B 25 20250129 "Kundfaktura Upsales Nordic AB  (2025010021)" 20250207
{
#TRANS 3010 {} -4300 "" "" 0
#TRANS 2611 {} -1075 "" "" 0
#TRANS 1510 {} 5375 "" "" 0
}
#VER B 26 20250131 "Kundfaktura CargoIT AB / Wisetech global (2025010025)" 20250207
{
#TRANS 3010 {} -12505 "" "" 0
#TRANS 2611 {} -3126.25 "" "" 0
#TRANS 3740 {} 0.25 "" "" 0
#TRANS 1510 {} 15631 "" "" 0
#RTRANS 2970 {} -12505 "" "" 0 "Amanda Andrén"
#TRANS 2970 {} -12505 "" "" 0
#RTRANS 3350 {} 12505 "" "" 0 "Amanda Andrén"
#TRANS 3350 {} 12505 "" "" 0
}
#VER B 27 20250131 "Kundfaktura Söderfors Conference & Retreat center AB (2025010027)" 20250207
{
#TRANS 3010 {} -77008 "" "" 0
#TRANS 2611 {} -19252 "" "" 0
#TRANS 1510 {} 96260 "" "" 0
#BTRANS 2970 {} -77008 "" "" 0 "Amanda Andrén"
#BTRANS 3350 {} 77008 "" "" 0 "Amanda Andrén"
#BTRANS 2420 {} -77008 "" "" 0 "Amanda Andrén"
}
#VER B 28 20250211 "Kundfaktura Sesam Interior AB (2025020010)" 20250214
{
#TRANS 3010 {} -6100 "" "" 0
#TRANS 2611 {} -1525 "" "" 0
#TRANS 1510 {} 7625 "" "" 0
#RTRANS 2420 {} -6100 "" "" 0 "Jennifer Ekenstedt"
#TRANS 2420 {} -6100 "" "" 0
#RTRANS 3350 {} 6100 "" "" 0 "Jennifer Ekenstedt"
#TRANS 3350 {} 6100 "" "" 0
}
#VER B 29 20250217 "Kundfaktura Grand Hotel i Halmstad AB (2025020015)" 20250221
{
#TRANS 3010 {} -3314 "" "" 0
#TRANS 2611 {} -828.5 "" "" 0
#TRANS 3740 {} -0.5 "" "" 0
#TRANS 1510 {} 4143 "" "" 0
}
#VER B 30 20250210 "Kundfaktura Bistro Pastis AB (2025020008)" 20250225
{
#TRANS 3041 {} -10000 "" "" 0
#TRANS 2611 {} -2500 "" "" 0
#TRANS 1510 {} 12500 "" "" 0
}
#VER B 31 20250210 "Kundfaktura Grand Hotel i Halmstad AB (2025020005)" 20250225
{
#TRANS 3010 {} -49480 "" "" 0
#TRANS 2611 {} -12370 "" "" 0
#TRANS 1510 {} 61850 "" "" 0
}
#VER B 32 20250210 "Kundfaktura Grand Hotel i Halmstad AB (2025020009)" 20250226
{
#TRANS 3010 {} -2611 "" "" 0
#TRANS 2611 {} -652.75 "" "" 0
#TRANS 3740 {} -0.25 "" "" 0
#TRANS 1510 {} 3264 "" "" 0
}
#VER B 33 20250225 "Kundfaktura Härberget i Säve AB (2025020018)" 20250227
{
#TRANS 3010 {} -37015 "" "" 0
#TRANS 2611 {} -9253.75 "" "" 0
#TRANS 3740 {} -0.25 "" "" 0
#TRANS 1510 {} 46269 "" "" 0
}
#VER B 34 20250225 "Kundfaktura Grand Hotel i Halmstad AB (2025020020)" 20250228
{
#TRANS 3010 {} -119000 "" "" 0
#TRANS 2611 {} -29750 "" "" 0
#TRANS 1510 {} 148750 "" "" 0
#RTRANS 3350 {} 119000 "" "" 0 "Amanda Andrén"
#TRANS 3350 {} 119000 "" "" 0
#RTRANS 2420 {} -119000 "" "" 0 "Amanda Andrén"
#TRANS 2420 {} -119000 "" "" 0
}
#VER B 35 20250225 "Kundfaktura Grand Hotel i Halmstad AB (2025020022)" 20250228
{
#TRANS 3010 {} -2700 "" "" 0
#TRANS 2611 {} -675 "" "" 0
#TRANS 1510 {} 3375 "" "" 0
}
#VER B 36 20250214 "Kundfaktura Upsales Nordic AB  (2025020013)" 20250303
{
#TRANS 3010 {} -29200 "" "" 0
#TRANS 2611 {} -7300 "" "" 0
#TRANS 1510 {} 36500 "" "" 0
#RTRANS 1791 {} -29200 "" "" 0 "Jennifer Ekenstedt"
#TRANS 1791 {} -29200 "" "" 0
#RTRANS 3350 {} 29200 "" "" 0 "Jennifer Ekenstedt"
#TRANS 3350 {} 29200 "" "" 0
}
#VER B 37 20250202 "Kundfaktura Sesam Interior AB (2025020001)" 20250304
{
#TRANS 3010 {} -85862 "" "" 0
#TRANS 2611 {} -21465.5 "" "" 0
#TRANS 3740 {} -0.5 "" "" 0
#TRANS 1510 {} 107328 "" "" 0
#RTRANS 2420 {} -85862 "" "" 0 "Jennifer Ekenstedt"
#TRANS 2420 {} -85862 "" "" 0
#RTRANS 3350 {} 85862 "" "" 0 "Jennifer Ekenstedt"
#TRANS 3350 {} 85862 "" "" 0
}
#VER B 38 20250203 "Kundfaktura HIGH COURT, HighCourt (HC Meetings AB) (2025020002)" 20250304
{
#TRANS 3010 {} -5000 "" "" 0
#TRANS 2611 {} -1250 "" "" 0
#TRANS 1510 {} 6250 "" "" 0
#RTRANS 1791 {} -5000 "" "" 0 "Jennifer Ekenstedt"
#TRANS 1791 {} -5000 "" "" 0
#RTRANS 3350 {} 5000 "" "" 0 "Jennifer Ekenstedt"
#TRANS 3350 {} 5000 "" "" 0
}
#VER B 39 20250203 "Kundfaktura HIGH COURT, HighCourt (HC Meetings AB) (2025020003)" 20250304
{
#TRANS 3010 {} -82900 "" "" 0
#TRANS 2611 {} -20725 "" "" 0
#TRANS 1510 {} 103625 "" "" 0
#RTRANS 1791 {} -82900 "" "" 0 "Jennifer Ekenstedt"
#TRANS 1791 {} -82900 "" "" 0
#RTRANS 3350 {} 82900 "" "" 0 "Jennifer Ekenstedt"
#TRANS 3350 {} 82900 "" "" 0
}
#VER B 40 20250203 "Kundfaktura 7A Sevena AB (2025020004)" 20250304
{
#TRANS 3010 {} -9500 "" "" 0
#TRANS 2611 {} -2375 "" "" 0
#TRANS 1510 {} 11875 "" "" 0
}
#VER B 41 20250210 "Kundfaktura  Puustelli Group Oy (2025020006)" 20250304
{
#BTRANS 3016 {} -272462.79 "" "" 0 "Amanda Andrén"
#TRANS 1510 {} 272462.79 "" "" 0
#RTRANS 3018 {} -272462.79 "" "" 0 "Amanda Andrén"
#TRANS 3018 {} -272462.79 "" "" 0
}
#VER B 42 20250210 "Kundfaktura  Puustelli Group Oy (2025020007)" 20250304
{
#BTRANS 3016 {} -7668.02 "" "" 0 "Amanda Andrén"
#TRANS 1510 {} 7668.02 "" "" 0
#RTRANS 3018 {} -7668.02 "" "" 0 "Amanda Andrén"
#TRANS 3018 {} -7668.02 "" "" 0
}
#VER B 43 20250214 "Kundfaktura ĆDA Golf & Country Club AB (2025020012)" 20250304
{
#TRANS 3010 {} -17970 "" "" 0
#TRANS 2611 {} -4492.5 "" "" 0
#TRANS 3740 {} -0.5 "" "" 0
#TRANS 1510 {} 22463 "" "" 0
}
#VER B 44 20250214 "Kundfaktura Marriott AC Ulriksdal, Joakim Zetterberg (2025020014)" 20250304
{
#TRANS 3010 {} -123373 "" "" 0
#TRANS 2611 {} -30843.25 "" "" 0
#TRANS 3740 {} 0.25 "" "" 0
#TRANS 1510 {} 154216 "" "" 0
#RTRANS 2420 {} 266463 "" "" 0 "Amanda Andrén"
#TRANS 2420 {} 266463 "" "" 0
#RTRANS 3350 {} -266463 "" "" 0 "Amanda Andrén"
#TRANS 3350 {} -266463 "" "" 0
}
#VER B 45 20250220 "Kundfaktura Billogram AB, Joanna Rydbeck (2025020017)" 20250304
{
#BTRANS 3010 {} -6000 "" "" 0 "Amanda Andrén"
#TRANS 2611 {} -1500 "" "" 0
#TRANS 1510 {} 7500 "" "" 0
#RTRANS 3041 {} -6000 "" "" 0 "Amanda Andrén"
#TRANS 3041 {} -6000 "" "" 0
}
#VER B 46 20250224 "Kundfaktura Upsales Nordic AB  (2025020019)" 20250304
{
#TRANS 3010 {} -66600 "" "" 0
#TRANS 2611 {} -16650 "" "" 0
#TRANS 1510 {} 83250 "" "" 0
#RTRANS 2420 {} 66600 "" "" 0 "Amanda Andrén"
#TRANS 2420 {} 66600 "" "" 0
#RTRANS 3350 {} -66600 "" "" 0 "Amanda Andrén"
#TRANS 3350 {} -66600 "" "" 0
}
#VER B 47 20250225 "Kundfaktura Nybroe Smörrebröd AB, Vincent Wilhelm (2025020021)" 20250304
{
#TRANS 3010 {} -8500 "" "" 0
#TRANS 2611 {} -2125 "" "" 0
#TRANS 1510 {} 10625 "" "" 0
}
#VER B 48 20250226 "Kundfaktura Café & Brasserie Oscar AB (2025020023)" 20250304
{
#TRANS 3010 {} -119200 "" "" 0
#TRANS 2611 {} -29800 "" "" 0
#TRANS 1510 {} 149000 "" "" 0
#RTRANS 2420 {} 119200 "" "" 0 "Amanda Andrén"
#TRANS 2420 {} 119200 "" "" 0
#RTRANS 3350 {} -119200 "" "" 0 "Amanda Andrén"
#TRANS 3350 {} -119200 "" "" 0
}
#VER B 49 20250226 "Kundfaktura Värdshuset Flottaren AB, Tomas Perers (2025020024)" 20250304
{
#TRANS 3010 {} -2000 "" "" 0
#TRANS 2611 {} -500 "" "" 0
#TRANS 1510 {} 2500 "" "" 0
}
#VER B 50 20250226 "Kundfaktura Marriott AC Ulriksdal, Joakim Zetterberg (2025020025)" 20250304
{
#TRANS 3010 {} -72860 "" "" 0
#TRANS 2611 {} -18215 "" "" 0
#TRANS 1510 {} 91075 "" "" 0
}
#VER B 51 20250227 "Kundfaktura Upsales Nordic AB  (2025020026)" 20250304
{
#TRANS 3010 {} -13660 "" "" 0
#TRANS 2611 {} -3415 "" "" 0
#TRANS 1510 {} 17075 "" "" 0
}
#VER B 52 20250227 "Kundfaktura Café & Brasserie Oscar AB (2025020027)" 20250304
{
#TRANS 3010 {} -21050 "" "" 0
#TRANS 2611 {} -5262.5 "" "" 0
#TRANS 3740 {} -0.5 "" "" 0
#TRANS 1510 {} 26313 "" "" 0
}
#VER B 53 20250228 "Kundfaktura CargoIT AB / Wisetech global (2025020029)" 20250304
{
#TRANS 3010 {} -12505 "" "" 0
#TRANS 2611 {} -3126.25 "" "" 0
#TRANS 3740 {} 0.25 "" "" 0
#TRANS 1510 {} 15631 "" "" 0
#RTRANS 2970 {} -12505 "" "" 0 "Amanda Andrén"
#TRANS 2970 {} -12505 "" "" 0
#RTRANS 3350 {} 12505 "" "" 0 "Amanda Andrén"
#TRANS 3350 {} 12505 "" "" 0
}
#VER B 54 20250228 "Kundfaktura Hotell Arkipelag (2025020030)" 20250304
{
#TRANS 3015 {6 "5023"} -1060577.65 "" "" 0
#TRANS 1510 {6 "5023"} 1060577.65 "" "" 0
#RTRANS 2420 {6 "5023"} 1090438.39 "" "" 0 "Amanda Andrén"
#TRANS 2420 {6 "5023"} 1090438.39 "" "" 0
#RTRANS 3350 {6 "5023"} -1090438.39 "" "" 0 "Amanda Andrén"
#TRANS 3350 {6 "5023"} -1090438.39 "" "" 0
}
#VER B 55 20250226 "Kreditfaktura Värdshuset Flottaren AB, Tomas Perers (2025020031)" 20250312
{
#BTRANS 3041 {} 2000 "" "" 0 "Amanda Andrén"
#TRANS 2611 {} 500 "" "" 0
#TRANS 1510 {} -2500 "" "" 0
#RTRANS 3010 {} 2000 "" "" 0 "Amanda Andrén"
#TRANS 3010 {} 2000 "" "" 0
}
#VER C 1 20250102 "Kundbet SKR, Delivery (2024120011)" 20250107
{
#TRANS 1920 {} 321100 "" "" 0
#TRANS 1510 {} -321100 "" "" 0
}
#VER C 2 20250103 "Kundbet Hotell gamla stan (2024120018)" 20250110
{
#TRANS 1920 {} 173919 "" "" 0
#TRANS 1510 {} -173919 "" "" 0
}
#VER C 3 20250103 "Kundbet Hotell Gamla Teatern i Östersund AB (2024120019)" 20250110
{
#TRANS 1920 {} 27313 "" "" 0
#TRANS 1510 {} -27313 "" "" 0
}
#VER C 4 20250103 "Kundbet United Spaces Torsgatan 26 Stockholm AB (2024120022)" 20250110
{
#TRANS 1920 {} 2000 "" "" 0
#TRANS 1510 {} -2000 "" "" 0
}
#VER C 5 20250107 "Kundbet Sesam Interior AB (2024110006)" 20250110
{
#TRANS 1920 {} 2850 "" "" 0
#TRANS 1510 {} -2850 "" "" 0
}
#VER C 6 20250107 "Kundbet Upsales Nordic AB  (2024120024)" 20250110
{
#TRANS 1920 {} 83250 "" "" 0
#TRANS 1510 {} -83250 "" "" 0
#RTRANS 2618 {} 16650 "" "" 0 "Amanda Andrén"
#TRANS 2618 {} 16650 "" "" 0
#RTRANS 2611 {} -16650 "" "" 0 "Amanda Andrén"
#TRANS 2611 {} -16650 "" "" 0
#RTRANS 3010 {} -66600 "" "" 0 "Amanda Andrén"
#TRANS 3010 {} -66600 "" "" 0
#RTRANS 3350 {} 66600 "" "" 0 "Amanda Andrén"
#TRANS 3350 {} 66600 "" "" 0
}
#VER C 7 20250107 "Kundbet Upsales Nordic AB  (2024120028)" 20250110
{
#TRANS 1920 {} 54800 "" "" 0
#TRANS 1510 {} -54800 "" "" 0
#RTRANS 2618 {} 10960 "" "" 0 "Amanda Andrén"
#TRANS 2618 {} 10960 "" "" 0
#RTRANS 2610 {} -10960 "" "" 0 "Amanda Andrén"
#TRANS 2610 {} -10960 "" "" 0
#RTRANS 3010 {} -43840 "" "" 0 "Amanda Andrén"
#TRANS 3010 {} -43840 "" "" 0
#RTRANS 3350 {} 43840 "" "" 0 "Amanda Andrén"
#TRANS 3350 {} 43840 "" "" 0
}
#VER C 8 20250108 "Kundbet Arvid Nordquist HAB, Erica Bertilsson (2024120006)" 20250110
{
#TRANS 1920 {} 99500 "" "" 0
#TRANS 1510 {} -99500 "" "" 0
#RTRANS 2618 {} 19900 "" "" 0 "Amanda Andrén"
#TRANS 2618 {} 19900 "" "" 0
#RTRANS 2611 {} -19900 "" "" 0 "Amanda Andrén"
#TRANS 2611 {} -19900 "" "" 0
#RTRANS 3010 {} -79600 "" "" 0 "Amanda Andrén"
#TRANS 3010 {} -79600 "" "" 0
#RTRANS 3350 {} 79600 "" "" 0 "Amanda Andrén"
#TRANS 3350 {} 79600 "" "" 0
}
#VER C 9 20250108 "Kundbet Purpl Factory Setting AB (2024120009)" 20250110
{
#TRANS 1920 {} 1588 "" "" 0
#TRANS 1510 {} -1588 "" "" 0
}
#VER C 10 20250108 "Kundbet AC Hotel Marriott Ulriksdal (2024120017)" 20250110
{
#TRANS 1920 {} 187325 "" "" 0
#TRANS 1510 {} -187325 "" "" 0
}
#VER C 11 20250109 "Kundbet CargoIT AB / Wisetech global (2024120026)" 20250110
{
#TRANS 1920 {} 15631 "" "" 0
#TRANS 1510 {} -15631 "" "" 0
}
#VER C 12 20250107 "Kundbet Sina Samiei (2025010002)" 20250114
{
#TRANS 1920 {} 5576 "" "" 0
#TRANS 1510 {} -5576 "" "" 0
}
#VER C 13 20250113 "Kundbet Strand Hotell (2025010007)" 20250114
{
#TRANS 1920 {} 416638 "" "" 0
#TRANS 1510 {} -416638 "" "" 0
}
#VER C 14 20250113 "Kundbet 7A Sevena AB (2024120016)" 20250114
{
#TRANS 1920 {} 67500 "" "" 0
#TRANS 1510 {} -67500 "" "" 0
}
#VER C 15 20250113 "Kundbet Grand Hotel i Halmstad AB (2025010009)" 20250114
{
#TRANS 1920 {} 47990 "" "" 0
#TRANS 1510 {} -47990 "" "" 0
}
#VER C 16 20250107 "Kundbet Sina Samiei (2025010002)" 20250114
{
#TRANS 3740 {} -1 "" "" 0
#TRANS 1510 {} 1 "" "" 0
}
#VER C 17 20250114 "Kundbet Sesam Interior AB (2024100018)" 20250117
{
#TRANS 1920 {} 45350 "" "" 0
#TRANS 1510 {} -45350 "" "" 0
}
#VER C 18 20250115 "Kundbet Netlight (2024120021)" 20250117
{
#TRANS 1920 {} 56250 "" "" 0
#TRANS 1510 {} -56250 "" "" 0
#RTRANS 2618 {} 11250 "" "" 0 "Amanda Andrén"
#TRANS 2618 {} 11250 "" "" 0
#RTRANS 2611 {} -11250 "" "" 0 "Amanda Andrén"
#TRANS 2611 {} -11250 "" "" 0
#RTRANS 3010 {} -45000 "" "" 0 "Amanda Andrén"
#TRANS 3010 {} -45000 "" "" 0
#RTRANS 3350 {} 45000 "" "" 0 "Amanda Andrén"
#TRANS 3350 {} 45000 "" "" 0
}
#VER C 19 20250109 "Kundbet Resize Design UAB  (2025010005)" 20250117
{
#TRANS 1921 {} 2011.54 "" "" 0
#TRANS 1510 {} -2011.54 "" "" 0
}
#VER C 20 20250117 "Kundbet Värdshuset Flottaren AB, Tomas Perers (2024120025)" 20250121
{
#TRANS 1920 {} 155394 "" "" 0
#TRANS 1510 {} -155394 "" "" 0
#RTRANS 2618 {} 31078.75 "" "" 0 "Amanda Andrén"
#TRANS 2618 {} 31078.75 "" "" 0
#RTRANS 2610 {} -31078.75 "" "" 0 "Amanda Andrén"
#TRANS 2610 {} -31078.75 "" "" 0
#RTRANS 3010 {} -124315 "" "" 0 "Amanda Andrén"
#TRANS 3010 {} -124315 "" "" 0
#RTRANS 3350 {} 124315 "" "" 0 "Amanda Andrén"
#TRANS 3350 {} 124315 "" "" 0
}
#VER C 21 20250117 "Kundbet PS Skylt & Inredning, JumpYard Nacka Forum (2025010012)" 20250121
{
#TRANS 1920 {} 68078 "" "" 0
#TRANS 1510 {} -68078 "" "" 0
}
#VER C 22 20250120 "Kundbet  Puustelli Group Oy (2024120004)" 20250121
{
#TRANS 1921 {} 735.65 "" "" 0
#TRANS 1510 {} -739.07 "" "" 0
#TRANS 7960 {} 3.42 "" "" 0
}
#VER C 23 20250127 "Kundbet Orangeriet Boule & Bistro AB (2025010010)" 20250128
{
#TRANS 1920 {} 75740 "" "" 0
#TRANS 1510 {} -75740 "" "" 0
}
#VER C 24 20250127 "Kundbet Orangeriet Boule & Bistro AB (2025010011)" 20250128
{
#TRANS 1920 {} 35744 "" "" 0
#TRANS 1510 {} -35744 "" "" 0
}
#VER C 25 20250129 "Kundbet House Be AB (2024120023)" 20250130
{
#TRANS 1920 {} 250000 "" "" 0
#TRANS 1510 {} -250000 "" "" 0
}
#VER C 26 20250129 "Kundbet Marriott AC Ulriksdal, Joakim Zetterberg (2025010008)" 20250130
{
#TRANS 1920 {} 37888 "" "" 0
#TRANS 1510 {} -37888 "" "" 0
}
#VER C 27 20250129 "Kundbet BHG Uppsala AB, Best Western Hotel Svava (2025010015)" 20250130
{
#TRANS 1920 {} 529151 "" "" 0
#TRANS 1510 {} -529151 "" "" 0
}
#VER C 28 20250120 "Kundbet  Puustelli Group Oy (2024120005)" 20250131
{
#TRANS 1921 {} 735.65 "" "" 0
#TRANS 1510 {} -739.07 "" "" 0
#TRANS 7960 {} 3.42 "" "" 0
}
#VER C 29 20250203 "Kundbet Grand Hotel i Halmstad AB (2025010009)" 20250207
{
#TRANS 1920 {} 11998 "" "" 0
#TRANS 1510 {} -11998 "" "" 0
}
#VER C 30 20250203 "Kundbet PS Skylt & Inredning, JumpYard Nacka Forum (2025010023)" 20250207
{
#TRANS 1920 {} 38553 "" "" 0
#TRANS 1510 {} -38553 "" "" 0
}
#VER C 31 20250203 "Kundbet Söderfors Conference & Retreat center AB (2025010028)" 20250207
{
#TRANS 1920 {} 61910 "" "" 0
#TRANS 1510 {} -61910 "" "" 0
}
#VER C 32 20250203 "Kundbet PS Skylt & Inredning, JumpYard Nacka Forum (2025010024)" 20250207
{
#TRANS 1920 {} 69050 "" "" 0
#TRANS 1510 {} -69050 "" "" 0
}
#VER C 33 20250203 "Kundbet PS Skylt & Inredning, JumpYard Nacka Forum (2025010022)" 20250207
{
#TRANS 1920 {} 92191 "" "" 0
#TRANS 1510 {} -92191 "" "" 0
}
#VER C 34 20250203 "Kundbet House Be AB (2024120027)" 20250207
{
#TRANS 1920 {} 97595 "" "" 0
#TRANS 1510 {} -97595 "" "" 0
}
#VER C 35 20250204 "Kundbet Sesam Interior AB (2025010026)" 20250207
{
#TRANS 1920 {} 242629 "" "" 0
#TRANS 1510 {} -242629 "" "" 0
}
#VER C 36 20250210 "Kundbet CargoIT AB / Wisetech global (2025010025)" 20250211
{
#TRANS 1920 {} 15631 "" "" 0
#TRANS 1510 {} -15631 "" "" 0
}
#VER C 37 20250211 "Kundbet Café & Brasserie Oscar AB (2024110022)" 20250212
{
#TRANS 1920 {} 12375 "" "" 0
#TRANS 1510 {} -12375 "" "" 0
}
#VER C 38 20250212 "Kundbet Upsales Nordic AB  (2025010021)" 20250213
{
#TRANS 1920 {} 5375 "" "" 0
#TRANS 1510 {} -5375 "" "" 0
}
#VER C 39 20250102 "Kundbet House Be AB (2025010001) - Kreditnota INV/2024/11/0001 (fel datum)" 20250214
{
#BTRANS 2999 {} 96849 "" "" 0 "Amanda Andrén"
#TRANS 1510 {} -96849 "" "" 0
#RTRANS 2611 {} 19370 "" "" 0 "Amanda Andrén"
#TRANS 2611 {} 19370 "" "" 0
#RTRANS 3010 {} 77479 "" "" 0 "Amanda Andrén"
#TRANS 3010 {} 77479 "" "" 0
}
#VER C 40 20250131 "Kundbet Sesam Interior AB (2025010013) - Kreditfaktura INV1 (3)" 20250214
{
#BTRANS 2999 {} 234774 "" "" 0 "Amanda Andrén"
#TRANS 1510 {} -234774 "" "" 0
#RTRANS 2611 {} 46954.75 "" "" 0 "Amanda Andrén"
#TRANS 2611 {} 46954.75 "" "" 0
#RTRANS 3010 {} 187819 "" "" 0 "Amanda Andrén"
#TRANS 3010 {} 187819 "" "" 0
#RTRANS 3740 {} 0.25 "" "" 0 "Amanda Andrén"
#TRANS 3740 {} 0.25 "" "" 0
}
#VER C 41 20250120 "Kundbet AC Hotel Marriott Ulriksdal (2025010014) - Kreditfaktura INV1 (2) " 20250214
{
#BTRANS 2999 {} 47438 "" "" 0 "Amanda Andrén"
#TRANS 1510 {} -47438 "" "" 0
#RTRANS 2611 {} 9487.5 "" "" 0 "Amanda Andrén"
#TRANS 2611 {} 9487.5 "" "" 0
#RTRANS 3010 {} 37950 "" "" 0 "Amanda Andrén"
#TRANS 3010 {} 37950 "" "" 0
#RTRANS 3740 {} 0.5 "" "" 0 "Amanda Andrén"
#TRANS 3740 {} 0.5 "" "" 0
}
#VER C 42 20250213 "Kundbet Sesam Interior AB (2025020010)" 20250214
{
#TRANS 1920 {} 7625 "" "" 0
#TRANS 1510 {} -7625 "" "" 0
}
#VER C 43 20250131 "Kundbet Söderfors Conference & Retreat center AB (2025010027) - Kreditfaktura INV1 (4)" 20250214
{
#BTRANS 2999 {} 96260 "" "" 0 "Amanda Andrén"
#TRANS 1510 {} -96260 "" "" 0
#RTRANS 2611 {} 19252 "" "" 0 "Amanda Andrén"
#TRANS 2611 {} 19252 "" "" 0
#RTRANS 3010 {} 77008 "" "" 0 "Amanda Andrén"
#TRANS 3010 {} 77008 "" "" 0
}
#VER C 44 20250218 "Kundbet Nybroe Smörrebröd AB, Vincent Wilhelm (2025010020)" 20250219
{
#TRANS 1920 {} 12500 "" "" 0
#TRANS 1510 {} -12500 "" "" 0
}
#VER C 45 20250219 "Kundbet Marriott AC Ulriksdal, Joakim Zetterberg (2025010017)" 20250221
{
#TRANS 1920 {} 33375 "" "" 0
#TRANS 1510 {} -33375 "" "" 0
}
#VER C 46 20250219 "Kundbet Marriott AC Ulriksdal, Joakim Zetterberg (2025010019)" 20250221
{
#TRANS 1920 {} 40500 "" "" 0
#TRANS 1510 {} -40500 "" "" 0
}
#VER C 47 20250221 "Kundbet Café & Brasserie Oscar AB (2025010003)" 20250224
{
#TRANS 1920 {} 59150 "" "" 0
#TRANS 1510 {} -59150 "" "" 0
}
#VER C 48 20250221 "Kundbet Café & Brasserie Oscar AB (2025010004)" 20250224
{
#TRANS 1920 {} 14700 "" "" 0
#TRANS 1510 {} -14700 "" "" 0
}
#VER C 49 20250224 "Kundbet Grand Hotel i Halmstad AB (2025020005)" 20250225
{
#TRANS 1920 {} 61850 "" "" 0
#TRANS 1510 {} -61850 "" "" 0
}
#VER C 50 20250224 "Kundbet Bistro Pastis AB (2025020008)" 20250225
{
#TRANS 1920 {} 12500 "" "" 0
#TRANS 1510 {} -12500 "" "" 0
}
#VER C 51 20250225 "Kundbet Grand Hotel i Halmstad AB (2025020009)" 20250226
{
#TRANS 1920 {} 3264 "" "" 0
#TRANS 1510 {} -3264 "" "" 0
}
#VER C 52 20250227 "Kundbet Grand Hotel i Halmstad AB (2025020020)" 20250228
{
#TRANS 1920 {} 148750 "" "" 0
#TRANS 1510 {} -148750 "" "" 0
}
#VER C 53 20250227 "Kundbet Grand Hotel i Halmstad AB (2025020022)" 20250228
{
#TRANS 1920 {} 3375 "" "" 0
#TRANS 1510 {} -3375 "" "" 0
}
#VER C 54 20250228 "Kundbet Upsales Nordic AB  (2025020013)" 20250303
{
#TRANS 1920 {} 36500 "" "" 0
#TRANS 1510 {} -36500 "" "" 0
}
#VER C 65 20250226 "Kundbet Värdshuset Flottaren AB, Tomas Perers (2024110020)" 20250312
{
#TRANS 2999 {} 2500 "" "" 0
#TRANS 1510 {} -2500 "" "" 0
}
#VER C 66 20250226 "Kundbet Värdshuset Flottaren AB, Tomas Perers (2025020031)" 20250312
{
#TRANS 2999 {} -2500 "" "" 0
#TRANS 1510 {} 2500 "" "" 0
}
#VER C 70 20250226 "Kundbet Värdshuset Flottaren AB, Tomas Perers (2025020024)" 20250314
{
#BTRANS 2829 {} 2500 "" "" 0 "Amanda Andrén"
#TRANS 1510 {} -2500 "" "" 0
#RTRANS 2611 {} 500 "" "" 0 "Amanda Andrén"
#TRANS 2611 {} 500 "" "" 0
#RTRANS 3010 {} 2000 "" "" 0 "Amanda Andrén"
#TRANS 3010 {} 2000 "" "" 0
}
#VER D 1 20250116 "Levfakt Skatteverket (6108)" 20250110
{
#TRANS 2440 {} -507135 "" "" 0
#TRANS 1630 {} 507135 "" "" 0
}
#VER D 2 20250103 "Levfakt Fortnox Aktiebolag (6100)" 20250110
{
#TRANS 2440 {} -244 "" "" 0
#TRANS 2641 {} 48.76 "" "" 0
#TRANS 5420 {} 195.24 "" "" 0
}
#VER D 3 20250103 "Levfakt Fortnox Aktiebolag (6101)" 20250110
{
#TRANS 2440 {} -409 "" "" 0
#TRANS 2641 {} 81.78 "" "" 0
#TRANS 5420 {} 327.22 "" "" 0
}
#VER D 4 20250109 "Levfakt Xtra Mile Outsourcing AB (6113)" 20250117
{
#TRANS 2440 {} -24994 "" "" 0
#TRANS 2641 {} 4998.8 "" "" 0
#TRANS 3740 {} 0.25 "" "" 0
#TRANS 6530 {} 19000 "" "" 0
#TRANS 6531 {} 994.95 "" "" 0
}
#VER D 5 20250113 "Levfakt Markslöjd Aktiebolag (6117)" 20250117
{
#TRANS 2440 {6 "5021"} -1138.75 "" "" 0
#TRANS 2641 {6 "5021"} 227.75 "" "" 0
#TRANS 4010 {6 "5021"} 911 "" "" 0
}
#VER D 6 20250101 "Levfakt Ilexpressen i Visby AB (6107)" 20250117
{
#TRANS 2440 {} -180 "" "" 0
#TRANS 2641 {} 36 "" "" 0
#TRANS 4010 {} 144 "" "" 0
}
#VER D 7 20250104 "Levfakt Siemens Financial Services Aktiebolag (6109)" 20250117
{
#TRANS 2440 {} -3631 "" "" 0
#TRANS 2641 {} 726.3 "" "" 0
#TRANS 5220 {} 2904.7 "" "" 0
}
#VER D 8 20250102 "Levfakt Makab Documents AB (6110)" 20250117
{
#TRANS 2440 {} -285 "" "" 0
#TRANS 2641 {} 57 "" "" 0
#TRANS 5460 {} 228 "" "" 0
}
#VER D 9 20250107 "Levfakt Ellevio AB (6111)" 20250117
{
#TRANS 2440 {} -348 "" "" 0
#TRANS 2641 {} 69.54 "" "" 0
#TRANS 5020 {} 278.46 "" "" 0
}
#VER D 10 20250108 "Levfakt Theofils AB (6112)" 20250117
{
#TRANS 2440 {} -255 "" "" 0
#TRANS 2641 {} 50.95 "" "" 0
#TRANS 4010 {} 204.05 "" "" 0
}
#VER D 11 20250110 "Levkreditfakt RYDÉNS I GNOSJÖ  AB (6118)" 20250124
{
#TRANS 2440 {6 "5021"} 300 "" "" 0
#TRANS 2641 {6 "5021"} -60 "" "" 0
#TRANS 4010 {6 "5021"} -240 "" "" 0
}
#VER D 12 20250110 "Levfakt RYDÉNS I GNOSJÖ  AB (6119)" 20250124
{
#TRANS 2440 {6 "5021"} -2882 "" "" 0
#TRANS 2641 {6 "5021"} 576.4 "" "" 0
#TRANS 4010 {6 "5021"} 2305.6 "" "" 0
}
#VER D 13 20250109 "Levfakt Fortum Markets AB (6115)" 20250124
{
#TRANS 2440 {} -309 "" "" 0
#TRANS 2641 {} 61.8 "" "" 0
#TRANS 5020 {} 247.2 "" "" 0
}
#VER D 14 20250109 "Levfakt Fortum Markets AB (6116)" 20250124
{
#TRANS 2440 {} -150 "" "" 0
#TRANS 2641 {} 30 "" "" 0
#TRANS 5020 {} 120 "" "" 0
}
#VER D 15 20250122 "Levfakt ELJ - BORDET AB (6131)" 20250128
{
#TRANS 2440 {} -6133 "" "" 0
#TRANS 2641 {} 1226.6 "" "" 0
#TRANS 4010 {} 4906.4 "" "SO02644" 0
}
#VER D 16 20250122 "Levfakt LeadPilot AB (6132)" 20250131
{
#TRANS 2440 {} -198 "" "" 0
#TRANS 2641 {} 39.57 "" "" 0
#TRANS 5910 {} 158.43 "" "" 0
}
#VER D 17 20250114 "Levfakt Ro-Mo Sweden Aktiebolag (6120)" 20250131
{
#TRANS 2440 {} -14244.53 "" "" 0
#TRANS 2641 {} 2848.91 "" "" 0
#TRANS 4010 {} 11395.62 "" "" 0
}
#VER D 18 20250114 "Levfakt Kjellbergs Golv & Textil AB (6128)" 20250131
{
#TRANS 2440 {6 "5019"} -11948 "" "" 0
#TRANS 2641 {6 "5019"} 2389.6 "" "" 0
#TRANS 4010 {6 "5019"} 9558.4 "" "" 0
}
#VER D 19 20250116 "Levfakt ELGIGANTEN AKTIEBOLAG (6121)" 20250131
{
#TRANS 2440 {6 "5019"} -10378 "" "" 0
#TRANS 2641 {6 "5019"} 2075.6 "" "" 0
#TRANS 5460 {6 "5019"} 8302.4 "" "" 0
}
#VER D 20 20250116 "Levfakt Mathem i Sverige AB (6122)" 20250131
{
#TRANS 2440 {} -1325.39 "" "" 0
#TRANS 2641 {} 160.05 "" "" 0
#TRANS 7690 {} 1165.34 "" "" 0
}
#VER D 21 20250116 "Levfakt Ro-Mo Sweden Aktiebolag (6123)" 20250131
{
#TRANS 2440 {} -802.25 "" "" 0
#TRANS 2641 {} 160.45 "" "" 0
#TRANS 4010 {} 641.8 "" "" 0
}
#VER D 22 20250117 "Levfakt Ro-Mo Sweden Aktiebolag (6124)" 20250131
{
#TRANS 2440 {} -966.34 "" "" 0
#TRANS 2641 {} 193.27 "" "" 0
#TRANS 4010 {} 773.07 "" "" 0
}
#VER D 23 20250121 "Levfakt Satelliet (6130)" 20250131
{
#TRANS 2440 {} -1331.1 "" "" 0
#TRANS 4515 {} 1331.1 "" "" 0
#TRANS 2615 {} -332.78 "" "" 0
#TRANS 2645 {} 332.78 "" "" 0
}
#VER D 24 20250125 "Levfakt Ring Mej Linkans Ćkeri AB (6133)" 20250131
{
#TRANS 2440 {6 "5016"} -43738 "" "" 0
#TRANS 2641 {6 "5016"} 8747.6 "" "" 0
#TRANS 4025 {6 "5016"} 34990.4 "" "" 0
}
#VER D 25 20250127 "Levfakt My Window AB (6134)" 20250131
{
#TRANS 2440 {} -2900 "" "" 0
#TRANS 2641 {} 580 "" "" 0
#TRANS 4010 {} 2320 "" "SO02667" 0
}
#VER D 26 20250127 "Levfakt Saltsjö Montage & Service AB (6135)" 20250131
{
#TRANS 2440 {6 "5019"} -30918 "" "" 0
#TRANS 2641 {6 "5019"} 6183.5 "" "" 0
#TRANS 4025 {6 "5019"} 24734.5 "" "" 0
}
#VER D 27 20250127 "Levfakt LTM Stockholm AB (6136)" 20250131
{
#TRANS 2440 {} -5000 "" "" 0
#TRANS 2641 {} 1000 "" "" 0
#TRANS 5900 {} 4000 "" "" 0
}
#VER D 28 20250127 "Levfakt LTM Stockholm AB (6137)" 20250131
{
#TRANS 2440 {} -18750 "" "" 0
#TRANS 2641 {} 3750 "" "" 0
#BTRANS 6991 {} 15000 "" "" 0 "Amanda Andrén"
#RTRANS 5900 {} 15000 "" "" 0 "Amanda Andrén"
#TRANS 5900 {} 15000 "" "" 0
}
#VER D 29 20250121 "Levfakt TELIA SVERIGE AB (6125)" 20250131
{
#TRANS 2440 {} -371 "" "" 0
#TRANS 2641 {} 74.2 "" "" 0
#TRANS 6212 {} 296.8 "" "" 0
}
#VER D 30 20250121 "Levfakt TELIA SVERIGE AB (6126)" 20250131
{
#TRANS 2440 {} -1642 "" "" 0
#TRANS 2641 {} 328.4 "" "" 0
#TRANS 6212 {} 1313.6 "" "" 0
}
#VER D 31 20250117 "Levfakt ESSEM DESIGN AB (6129)" 20250204
{
#TRANS 2440 {} -11119 "" "" 0
#TRANS 2641 {} 2223.8 "" "" 0
#TRANS 4010 {} 8895.2 "" "SO02624" 0
}
#VER D 32 20250128 "Levfakt Saltsjö Montage & Service AB (6138)" 20250204
{
#TRANS 2440 {} -9375 "" "" 0
#TRANS 2641 {} 1875 "" "" 0
#TRANS 4025 {} 7500 "" "" 0
}
#VER D 33 20250127 "Levfakt UAB Resize Design (6139)" 20250204
{
#TRANS 2440 {} -62570.43 "" "" 0
#TRANS 2645 {} 15642.61 "" "" 0
#TRANS 2615 {} -15642.61 "" "" 0
#TRANS 4515 {} 62570.43 "" "SO02674 - High Court - Leverans 27/1" 0
}
#VER D 34 20250128 "Levfakt UAB Resize Design (6140)" 20250204
{
#TRANS 2440 {} -25756.63 "" "" 0
#TRANS 2645 {} 6439.16 "" "" 0
#TRANS 2615 {} -6439.16 "" "" 0
#TRANS 4515 {} 25756.63 "" "SO2597 - Upsales" 0
}
#VER D 35 20250130 "Levfakt Mathem i Sverige AB (6141)" 20250204
{
#TRANS 2440 {} -781.23 "" "" 0
#TRANS 2641 {} 87.44 "" "" 0
#TRANS 7690 {} 693.79 "" "" 0
}
#VER D 36 20250130 "Levfakt My Window AB (6142)" 20250204
{
#TRANS 2440 {6 "5016"} -100005 "" "" 0
#TRANS 2641 {6 "5016"} 20001 "" "" 0
#TRANS 4010 {6 "5016"} 80004 "" "SO02307" 0
#RTRANS 4010 {6 "5016"} -80004 "" "SO02307" 0 "Amanda Andrén"
#TRANS 4010 {6 "5016"} -80004 "" "SO02307" 0
#RTRANS 1470 {6 "5016"} 80004 "" "SO02307" 0 "Amanda Andrén"
#TRANS 1470 {6 "5016"} 80004 "" "SO02307" 0
}
#VER D 37 20250130 "Levfakt My Window AB (6143)" 20250204
{
#TRANS 2440 {6 "5016"} -46205 "" "" 0
#TRANS 2641 {6 "5016"} 9241 "" "" 0
#TRANS 4010 {6 "5016"} 36964 "" "SO02307" 0
#RTRANS 4010 {6 "5016"} -36964 "" "SO02307" 0 "Amanda Andrén"
#TRANS 4010 {6 "5016"} -36964 "" "SO02307" 0
#RTRANS 1470 {6 "5016"} 36964 "" "SO02307" 0 "Amanda Andrén"
#TRANS 1470 {6 "5016"} 36964 "" "SO02307" 0
}
#VER D 38 20250211 "Levfakt Skatteverket (6152)" 20250210
{
#TRANS 2440 {} -324204 "" "" 0
#TRANS 1630 {} 324204 "" "" 0
}
#VER D 39 20250131 "Levfakt Rozen Clean AB (6144)" 20250211
{
#TRANS 2440 {} -6210 "" "" 0
#TRANS 2641 {} 1242 "" "" 0
#TRANS 5060 {} 4968 "" "" 0
}
#VER D 40 20250131 "Levfakt Versada UAB (6158)" 20250211
{
#TRANS 2440 {} -43864.07 "" "" 0
#TRANS 5421 {} 43864.07 "" "" 0
#TRANS 2615 {} -10966.05 "" "" 0
#TRANS 2645 {} 10966.05 "" "" 0
#BTRANS 1010 {} -43864.07 "" "" 0 "Amanda Andrén"
#BTRANS 3850 {} 43864.07 "" "" 0 "Amanda Andrén"
#RTRANS 1010 {} 43864 "" "" 0 "Amanda Andrén"
#TRANS 1010 {} 43864 "" "" 0
#RTRANS 3850 {} -43864 "" "" 0 "Amanda Andrén"
#TRANS 3850 {} -43864 "" "" 0
}
#VER D 41 20250131 "Levfakt Saltsjö Montage & Service AB (6147)" 20250211
{
#TRANS 2440 {} -8586 "" "" 0
#TRANS 2641 {} 1717.2 "" "" 0
#TRANS 4025 {} 6868.8 "" "" 0
}
#VER D 42 20250131 "Levfakt Saltsjö Montage & Service AB (6148)" 20250212
{
#TRANS 2440 {6 "5014"} -4944 "" "" 0
#TRANS 2641 {6 "5014"} 988.8 "" "" 0
#TRANS 4025 {6 "5014"} 3955.2 "" "" 0
}
#VER D 43 20250117 "Levfakt ROL Ergo AB (6127)" 20250212
{
#TRANS 2440 {} -21139 "" "" 0
#TRANS 2641 {} 4227.8 "" "" 0
#TRANS 4010 {} 16911.2 "" "" 0
}
#VER D 44 20250101 "Levfakt Versada UAB (6162)" 20250214
{
#TRANS 2440 {} -37345.71 "" "" 0
#TRANS 5421 {} 37345.71 "" "" 0
#TRANS 2615 {} -9336.46 "" "" 0
#TRANS 2645 {} 9336.46 "" "" 0
#BTRANS 1010 {} 37345.71 "" "" 0 "Amanda Andrén"
#BTRANS 3850 {} -37345.71 "" "" 0 "Amanda Andrén"
#RTRANS 1010 {} 37346 "" "" 0 "Amanda Andrén"
#TRANS 1010 {} 37346 "" "" 0
#RTRANS 3850 {} -37346 "" "" 0 "Amanda Andrén"
#TRANS 3850 {} -37346 "" "" 0
}
#VER D 45 20250113 "Levfakt Versada UAB (6163)" 20250214
{
#TRANS 2440 {} -1035.5 "" "" 0
#TRANS 5421 {} 1035.5 "" "" 0
#TRANS 2615 {} -258.87 "" "" 0
#TRANS 2645 {} 258.87 "" "" 0
#BTRANS 1010 {} 1035.5 "" "" 0 "Amanda Andrén"
#BTRANS 3850 {} -1035.5 "" "" 0 "Amanda Andrén"
}
#VER D 46 20250131 "Levfakt OMBUDET I STOCKHOLM AKTIEBOLAG (6164)" 20250214
{
#TRANS 2440 {6 "5022"} -576 "" "" 0
#TRANS 2641 {6 "5022"} 115.25 "" "" 0
#BTRANS 4015 {6 "5022"} 460.75 "" "" 0 "Amanda Andrén"
#RTRANS 4025 {6 "5022"} 460.75 "" "" 0 "Amanda Andrén"
#TRANS 4025 {6 "5022"} 460.75 "" "" 0
}
#VER D 47 20250207 "Levfakt Xtra Mile Outsourcing AB (6153)" 20250214
{
#TRANS 2440 {} -31030 "" "" 0
#TRANS 2641 {} 6206 "" "" 0
#TRANS 3740 {} 0.31 "" "" 0
#TRANS 6530 {} 24823.69 "" "" 0
}
#VER D 48 20250205 "Levfakt UAB Resize Design (6154)" 20250214
{
#TRANS 2440 {} -272.6 "" "" 0
#TRANS 2645 {} 68.15 "" "" 0
#TRANS 2615 {} -68.15 "" "" 0
#TRANS 4515 {} 272.6 "" "Puustelli" 0
}
#VER D 49 20250205 "Levfakt UAB Resize Design (6155)" 20250214
{
#TRANS 2440 {} -257822.05 "" "" 0
#TRANS 2645 {} 64455.51 "" "" 0
#TRANS 2615 {} -64455.51 "" "" 0
#TRANS 4515 {} 257822.05 "" "SO02601 - Puusteli" 0
}
#VER D 50 20250203 "Levfakt Fortnox Aktiebolag (6145)" 20250214
{
#TRANS 2440 {} -621 "" "" 0
#TRANS 2641 {} 124.2 "" "" 0
#TRANS 5420 {} 496.8 "" "" 0
}
#VER D 51 20250204 "Levfakt Fortnox Aktiebolag (6156)" 20250214
{
#TRANS 2440 {} -471 "" "" 0
#TRANS 2641 {} 94.28 "" "" 0
#TRANS 5420 {} 376.72 "" "" 0
}
#VER D 52 20250205 "Levfakt Fortnox Aktiebolag (6157)" 20250214
{
#TRANS 2440 {} -8576 "" "" 0
#TRANS 2641 {} 1715.25 "" "" 0
#TRANS 5420 {} 6860.75 "" "" 0
}
#VER D 53 20250201 "Levfakt Siemens Financial Services Aktiebolag (6146)" 20250214
{
#TRANS 2440 {} -3631 "" "" 0
#TRANS 2641 {} 726.2 "" "" 0
#TRANS 5220 {} 2904.8 "" "" 0
}
#VER D 54 20250210 "Levfakt UAB Resize Design (6165)" 20250218
{
#TRANS 2440 {} -36150.88 "" "" 0
#TRANS 2645 {} 9037.78 "" "" 0
#TRANS 2615 {} -9037.78 "" "" 0
#TRANS 4515 {} 36150.88 "" "SO02576 - Grand Hotel i Halmstad" 0
}
#VER D 55 20250210 "Levfakt UAB Resize Design (6166)" 20250218
{
#TRANS 2440 {} -188129.23 "" "" 0
#TRANS 2645 {} 47032.36 "" "" 0
#TRANS 2615 {} -47032.36 "" "" 0
#TRANS 4515 {} 188129.23 "" "SO02511 Café & Brasserie Oscar AB" 0
}
#VER D 56 20250210 "Levfakt UAB Resize Design (6167)" 20250218
{
#TRANS 2440 {} -11840.33 "" "" 0
#TRANS 2645 {} 2960.08 "" "" 0
#TRANS 2615 {} -2960.08 "" "" 0
#TRANS 4515 {} 11840.33 "" "SO02628 - Härberget i Säve AB" 0
}
#VER D 57 20250211 "Levfakt UAB Resize Design (6168)" 20250218
{
#TRANS 2440 {} -1731.76 "" "" 0
#TRANS 2645 {} 433 "" "" 0
#TRANS 2615 {} -433 "" "" 0
#TRANS 4515 {} 1731.76 "" "SO02628" 0
}
#VER D 58 20250211 "Levfakt UAB Resize Design (6169)" 20250218
{
#TRANS 2440 {} -2549.93 "" "" 0
#TRANS 2645 {} 637.45 "" "" 0
#TRANS 2615 {} -637.45 "" "" 0
#TRANS 4515 {} 2549.93 "" "SO02701 - Halmstad" 0
}
#VER D 59 20250212 "Levfakt UAB Resize Design (6173)" 20250218
{
#TRANS 2440 {} -6894.38 "" "" 0
#TRANS 2645 {} 1723.57 "" "" 0
#TRANS 2615 {} -1723.57 "" "" 0
#TRANS 4515 {} 6894.38 "" "SO02536 - Ćda Golf & Country Club AB" 0
}
#VER D 60 20250217 "Levfakt UAB Resize Design (6175)" 20250218
{
#TRANS 2440 {6 "5022"} -86717.58 "" "" 0
#TRANS 2645 {6 "5022"} 21679.4 "" "" 0
#TRANS 2615 {6 "5022"} -21679.4 "" "" 0
#TRANS 4515 {6 "5022"} 86717.58 "" "SO02500" 0
}
#VER D 61 20250201 "Levfakt Post & Printcenter Södertälje AB (6149)" 20250221
{
#TRANS 2440 {} -1265 "" "" 0
#TRANS 2641 {} 253 "" "" 0
#TRANS 6250 {} 1012 "" "" 0
}
#VER D 62 20250220 "Levfakt ELJ - BORDET AB (6187)" 20250225
{
#TRANS 2440 {} -3766 "" "" 0
#TRANS 2641 {} 753.2 "" "" 0
#TRANS 4010 {} 3012.8 "" "" 0
}
#VER D 63 20250201 "Levfakt Ilexpressen i Visby AB (6150)" 20250225
{
#TRANS 2440 {} -180 "" "" 0
#TRANS 2641 {} 36 "" "" 0
#TRANS 4010 {} 144 "" "" 0
}
#VER D 64 20250212 "Levfakt Belid Lighting AB (6170)" 20250225
{
#TRANS 2440 {6 "5023"} -11089 "" "" 0
#BTRANS 4010 {6 "5023"} 11089 "" "" 0 "Amanda Andrén"
#RTRANS 4515 {6 "5023"} 11089 "" "" 0 "Amanda Andrén"
#TRANS 4515 {6 "5023"} 11089 "" "" 0
#RTRANS 2615 {6 "5023"} -2772.25 "" "" 0 "Amanda Andrén"
#TRANS 2615 {6 "5023"} -2772.25 "" "" 0
#RTRANS 2645 {6 "5023"} 2772.25 "" "" 0 "Amanda Andrén"
#TRANS 2645 {6 "5023"} 2772.25 "" "" 0
}
#VER D 65 20250217 "Levfakt UAB Resize Design (6176)" 20250225
{
#TRANS 2440 {6 "5019"} -6655.57 "" "" 0
#TRANS 2645 {6 "5019"} 1663.89 "" "" 0
#TRANS 2615 {6 "5019"} -1663.89 "" "" 0
#TRANS 4515 {6 "5019"} 6655.57 "" "SO02592 - Ulriksdal" 0
}
#VER D 66 20250203 "Levfakt Ellevio AB (6151)" 20250225
{
#TRANS 2440 {} -378 "" "" 0
#TRANS 2641 {} 75.59 "" "" 0
#TRANS 5020 {} 302.41 "" "" 0
}
#VER D 67 20250205 "Levfakt CALLE GULLED AGENTURER AB (6159)" 20250225
{
#TRANS 2440 {} -18620 "" "" 0
#TRANS 2641 {} 3724 "" "" 0
#BTRANS 4010 {} 14896 "" "Hotell Hallstaberget" 0 "Amanda Andrén"
#RTRANS 1460 {} 14896 "" "Hotell Hallstaberget - installation i mars" 0 "Amanda Andrén"
#TRANS 1460 {} 14896 "" "Hotell Hallstaberget - installation i mars" 0
}
#VER D 68 20250206 "Levfakt Mathem i Sverige AB (6160)" 20250225
{
#TRANS 2440 {} -1550.74 "" "" 0
#TRANS 2641 {} 197.91 "" "" 0
#TRANS 7690 {} 1352.83 "" "" 0
}
#VER D 69 20250222 "Levfakt LeadPilot AB (6179)" 20250225
{
#TRANS 2440 {} -5683 "" "" 0
#TRANS 2641 {} 1136.6 "" "" 0
#TRANS 5910 {} 4546.4 "" "" 0
}
#VER D 70 20250207 "Levfakt Fortum Markets AB (6161)" 20250225
{
#TRANS 2440 {} -160 "" "" 0
#TRANS 2641 {} 32 "" "" 0
#TRANS 5020 {} 128 "" "" 0
}
#VER D 71 20250224 "Levfakt UAB Resize Design (6180)" 20250225
{
#TRANS 2440 {6 "5022"} -5849.81 "" "" 0
#TRANS 2645 {6 "5022"} 1462.45 "" "" 0
#TRANS 2615 {6 "5022"} -1462.45 "" "" 0
#TRANS 4515 {6 "5022"} 5849.81 "" "SO02500" 0
}
#VER D 72 20250211 "Levfakt My Window AB (6171)" 20250225
{
#TRANS 2440 {} -110458 "" "" 0
#TRANS 2641 {} 22091.6 "" "" 0
#TRANS 4010 {} 88366.4 "" "SO02631 - Upsales" 0
}
#VER D 73 20250217 "Levfakt Ro-Mo Sweden Aktiebolag (6174)" 20250225
{
#TRANS 2440 {} -10009.34 "" "" 0
#TRANS 2641 {} 2001.87 "" "" 0
#BTRANS 4010 {} 8007.47 "" "" 0 "Amanda Andrén"
#RTRANS 1460 {} 8007.47 "" "SO02658 - BHG Uppsala AB - installation mars/april" 0 "Amanda Andrén"
#TRANS 1460 {} 8007.47 "" "SO02658 - BHG Uppsala AB - installation mars/april" 0
}
#VER D 74 20250210 "Levfakt OMBUDET I STOCKHOLM AKTIEBOLAG (6172)" 20250225
{
#TRANS 2440 {} -576 "" "" 0
#TRANS 2641 {} 115.25 "" "" 0
#BTRANS 4015 {} 460.75 "" "" 0 "Amanda Andrén"
#RTRANS 4025 {} 460.75 "" "" 0 "Amanda Andrén"
#TRANS 4025 {} 460.75 "" "" 0
}
#VER D 75 20250218 "Levfakt Ro-Mo Sweden Aktiebolag (6177)" 20250225
{
#TRANS 2440 {} -2153.75 "" "" 0
#TRANS 2641 {} 430.75 "" "" 0
#TRANS 4010 {} 1723 "" "" 0
}
#VER D 76 20250220 "Levfakt Mathem i Sverige AB (6182)" 20250225
{
#TRANS 2440 {} -1643.04 "" "" 0
#TRANS 2641 {} 192.63 "" "" 0
#TRANS 7690 {} 1450.41 "" "" 0
}
#VER D 77 20250220 "Levfakt Satelliet (6186)" 20250225
{
#TRANS 2440 {} -1764.23 "" "" 0
#TRANS 4515 {} 1764.23 "" "" 0
#TRANS 2615 {} -441.06 "" "" 0
#TRANS 2645 {} 441.06 "" "" 0
}
#VER D 78 20250222 "Levfakt MEMEX I&C AKTIEBOLAG (6183)" 20250225
{
#TRANS 2440 {} -12655 "" "" 0
#TRANS 2641 {} 2531 "" "" 0
#TRANS 4025 {} 10124 "" "" 0
}
#VER D 79 20250219 "Levfakt Sendify AB (6190)" 20250228
{
#TRANS 2440 {} -1556 "" "" 0
#TRANS 2641 {} 311.2 "" "" 0
#TRANS 4010 {} 1244.8 "" "" 0
}
#VER D 80 20250225 "Levfakt UAB Resize Design (6188)" 20250228
{
#TRANS 2440 {} -2561.62 "" "" 0
#TRANS 2645 {} 640.41 "" "" 0
#TRANS 2615 {} -640.41 "" "" 0
#TRANS 4515 {} 2561.62 "" "SO02334 - La Belle" 0
}
#VER D 81 20250225 "Levfakt UAB Resize Design (6191)" 20250228
{
#TRANS 2440 {} -19993.24 "" "" 0
#TRANS 2645 {} 4998.31 "" "" 0
#TRANS 2615 {} -4998.31 "" "" 0
#TRANS 4515 {} 19993.24 "" "SO02624 - Kungsgatan" 0
}
#VER D 82 20250225 "Levfakt STOLAB MÖBEL AB (6192)" 20250228
{
#TRANS 2440 {} -21109.58 "" "" 0
#BTRANS 2641 {} 4221.92 "" "" 0 "Amanda Andrén"
#BTRANS 4010 {} 16887.66 "" "" 0 "Amanda Andrén"
#RTRANS 1480 {} 21109.58 "" "SO02407 - BHG Uppsala AB -  leverans i mars" 0 "Amanda Andrén"
#TRANS 1480 {} 21109.58 "" "SO02407 - BHG Uppsala AB -  leverans i mars" 0
}
#VER D 83 20250226 "Levfakt UAB Resize Design (6193)" 20250228
{
#TRANS 2440 {6 "5000"} -213.99 "" "" 0
#TRANS 2645 {6 "5000"} 53.5 "" "" 0
#TRANS 2615 {6 "5000"} -53.5 "" "" 0
#TRANS 4515 {6 "5000"} 213.99 "" "SO02731" 0
}
#VER D 84 20250219 "Levfakt Ring Mej Linkans Ćkeri AB (6178)" 20250228
{
#TRANS 2440 {6 "5016"} -119699 "" "" 0
#TRANS 2641 {6 "5016"} 23939.8 "" "" 0
#TRANS 4025 {6 "5016"} 95759.2 "" "" 0
}
#VER D 85 20250220 "Levfakt CONFAC GRUPPEN I GÖTEBORG AB (6181)" 20250228
{
#TRANS 2440 {} -14186 "" "" 0
#TRANS 2641 {} 2837.2 "" "" 0
#TRANS 4025 {} 11348.8 "" "" 0
}
#VER D 86 20250225 "Levfakt Saltsjö Montage & Service AB (6189)" 20250228
{
#TRANS 2440 {6 "5019"} -10751 "" "" 0
#TRANS 2641 {6 "5019"} 2150.2 "" "" 0
#TRANS 4025 {6 "5019"} 8600.8 "" "" 0
}
#VER D 87 20250226 "Levfakt My Window AB (6194)" 20250228
{
#TRANS 2440 {} -12475 "" "" 0
#TRANS 2641 {} 2495 "" "" 0
#TRANS 4010 {} 9980 "" "SO02681 - Upsales" 0
}
#VER D 88 20250224 "Levfakt Euro Accident Livförsäkring AB (6184)" 20250228
{
#TRANS 2440 {} -4878 "" "" 0
#TRANS 1730 {} 4878 "" "" 0
}
#VER D 89 20250224 "Levfakt Euro Accident Livförsäkring AB (6185)" 20250228
{
#TRANS 2440 {} -6084 "" "" 0
#TRANS 1730 {} 6084 "" "" 0
}
#VER D 90 20250228 "Levfakt OMBUDET I STOCKHOLM AKTIEBOLAG (6195)" 20250304
{
#TRANS 2440 {} -219 "" "" 0
#TRANS 2641 {} 43.75 "" "" 0
#BTRANS 4015 {} 175.25 "" "" 0 "Amanda Andrén"
#RTRANS 4025 {} 175.25 "" "" 0 "Amanda Andrén"
#TRANS 4025 {} 175.25 "" "" 0
}
#VER D 91 20250228 "Levfakt UAB Resize Design (6196)" 20250304
{
#TRANS 2440 {6 "5023"} -1542463.04 "" "" 0
#TRANS 2645 {6 "5023"} 385615.79 "" "" 0
#TRANS 2615 {6 "5023"} -385615.79 "" "" 0
#TRANS 4515 {6 "5023"} 1542463.04 "" "SO02485 - Hotell Arkipelag, Ćland" 0
}
#VER D 92 20250228 "Levfakt Slalom acoustic & partition systems (6197)" 20250304
{
#TRANS 2440 {} -8444.7 "" "" 0
#TRANS 4515 {} 8444.7 "" "" 0
#TRANS 2615 {} -2111.18 "" "" 0
#TRANS 2645 {} 2111.18 "" "" 0
}
#VER D 93 20250226 "Levfakt Belid Lighting AB (6198)" 20250304
{
#TRANS 2440 {} -51006 "" "" 0
#TRANS 2641 {} 10201.11 "" "" 0
#BTRANS 4010 {} 40804.89 "" "" 0 "Amanda Andrén"
#RTRANS 1460 {} 40804.89 "" "Flottaren: Installation, och kundfaktura till kund i mars" 0 "Amanda Andrén"
#TRANS 1460 {} 40804.89 "" "Flottaren: Installation, och kundfaktura till kund i mars" 0
}
#VER D 94 20250228 "Levfakt Rozen Clean AB (6199)" 20250304
{
#TRANS 2440 {} -4140 "" "" 0
#TRANS 2641 {} 828 "" "" 0
#TRANS 5060 {} 3312 "" "" 0
}
#VER D 95 20250227 "Levfakt Collector Bank AB /Walley (6200)" 20250304
{
#TRANS 2440 {} -936 "" "" 0
#TRANS 2641 {} 187.2 "" "" 0
#TRANS 5460 {} 748.8 "" "" 0
}
#VER D 96 20250228 "Levfakt Saltsjö Montage & Service AB (6201)" 20250304
{
#TRANS 2440 {} -2185 "" "" 0
#TRANS 2641 {} 437 "" "" 0
#TRANS 4025 {} 1748 "" "" 0
}
#VER D 97 20250228 "Levfakt Saltsjö Montage & Service AB (6202)" 20250304
{
#TRANS 2440 {} -9198 "" "" 0
#TRANS 2641 {} 1839.69 "" "" 0
#TRANS 4025 {} 7358.31 "" "" 0
}
#VER D 98 20250228 "Levfakt Saltsjö Montage & Service AB (6203)" 20250304
{
#TRANS 2440 {} -3950 "" "" 0
#TRANS 2641 {} 790 "" "" 0
#TRANS 4025 {} 3160 "" "" 0
}
#VER D 99 20250228 "Levfakt Saltsjö Montage & Service AB (6204)" 20250304
{
#TRANS 2440 {} -3938 "" "" 0
#TRANS 2641 {} 787.5 "" "" 0
#TRANS 4025 {} 3150.5 "" "" 0
}
#VER D 100 20250228 "Levfakt LTM Stockholm AB (6205)" 20250304
{
#TRANS 2440 {} -20000 "" "" 0
#TRANS 2641 {} 4000 "" "" 0
#TRANS 5900 {} 16000 "" "" 0
}
#VER D 101 20250228 "Levfakt KONDATOR AKTIEBOLAG (6206)" 20250304
{
#TRANS 2440 {} -7954 "" "" 0
#TRANS 2641 {} 1590.75 "" "" 0
#BTRANS 4010 {} 6363.25 "" "SO02545 - Flottaren, installation i mars" 0 "Amanda Andrén"
#RTRANS 1460 {} 6363.25 "" "SO02545 - Flottaren, installation i mars" 0 "Amanda Andrén"
#TRANS 1460 {} 6363.25 "" "SO02545 - Flottaren, installation i mars" 0
}
#VER D 102 20250301 "Levfakt LOOPIA AKTIEBOLAG (6207)" 20250304
{
#TRANS 2440 {} -2565 "" "" 0
#TRANS 2641 {} 513 "" "" 0
#TRANS 6230 {} 2052 "" "" 0
}
#VER D 104 20250228 "Levfakt CONFAC GRUPPEN I GÖTEBORG AB (6208)" 20250310
{
#TRANS 2440 {} -2103 "" "" 0
#TRANS 2641 {} 420.6 "" "" 0
#TRANS 4025 {} 1682.4 "" "" 0
}
#VER D 105 20250228 "Levfakt AZ Design AB (6210)" 20250310
{
#TRANS 2440 {} -9638 "" "" 0
#TRANS 2641 {} 1927.6 "" "" 0
#TRANS 3740 {} 0.5 "" "" 0
#TRANS 4010 {} 7709.9 "" "SO02659 - Kungsgatan" 0
}
#VER D 106 20250228 "Levfakt Versada UAB (6215)" 20250312
{
#TRANS 2440 {} -24257.71 "" "" 0
#TRANS 5421 {} 24257.71 "" "" 0
#TRANS 2615 {} -6064.46 "" "" 0
#TRANS 2645 {} 6064.46 "" "" 0
#RTRANS 1010 {} 24258 "" "" 0 "Amanda Andrén"
#TRANS 1010 {} 24258 "" "" 0
#RTRANS 3850 {} -24258 "" "" 0 "Amanda Andrén"
#TRANS 3850 {} -24258 "" "" 0
}
#VER E 1 20250102 "Levbet Ellevio AB (6051)" 20250103
{
#TRANS 1920 {} -372 "" "" 0
#TRANS 2440 {} 372 "" "" 0
}
#VER E 2 20250102 "Levbet Siemens Financial Services Aktiebolag (6055)" 20250103
{
#TRANS 1920 {} -3631 "" "" 0
#TRANS 2440 {} 3631 "" "" 0
}
#VER E 3 20250102 "Levbet Siemens Financial Services Aktiebolag (6053)" 20250103
{
#TRANS 1920 {} -3186 "" "" 0
#TRANS 2440 {} 3186 "" "" 0
}
#VER E 4 20250102 "Levbet Saltsjö Montage & Service AB (6060)" 20250103
{
#TRANS 1920 {6 "5017"} -488 "" "" 0
#TRANS 2440 {6 "5017"} 488 "" "" 0
}
#VER E 5 20250102 "Levbet Euro Accident Livförsäkring AB (6054)" 20250103
{
#TRANS 1920 {} -3240 "" "" 0
#TRANS 2440 {} 3240 "" "" 0
}
#VER E 6 20250102 "Levbet Ilexpressen i Visby AB (6050)" 20250103
{
#TRANS 1920 {} -180 "" "" 0
#TRANS 2440 {} 180 "" "" 0
}
#VER E 7 20250102 "Levbet Mathem i Sverige AB (6059)" 20250103
{
#TRANS 1920 {} -1296.13 "" "" 0
#TRANS 2440 {} 1296.13 "" "" 0
}
#VER E 8 20250102 "Levbet Euro Accident Livförsäkring AB (6052)" 20250103
{
#TRANS 1920 {} -3801 "" "" 0
#TRANS 2440 {} 3801 "" "" 0
}
#VER E 9 20250102 "Levbet Nordlux Sverige AB (6056)" 20250103
{
#TRANS 1920 {6 "5016"} -34916.89 "" "" 0
#TRANS 2440 {6 "5016"} 34916.89 "" "" 0
}
#VER E 10 20250102 "Levbet Sauna Sweden AB (6057)" 20250103
{
#TRANS 1920 {6 "5019"} -37416 "" "" 0
#TRANS 2440 {6 "5019"} 37416 "" "" 0
}
#VER E 11 20250102 "Levbet Saltsjö Montage & Service AB (6058)" 20250103
{
#TRANS 1920 {} -744 "" "" 0
#TRANS 2440 {} 744 "" "" 0
}
#VER E 12 20250107 "Levbet Fortum Markets AB (6062)" 20250108
{
#TRANS 1920 {} -176 "" "" 0
#TRANS 2440 {} 176 "" "" 0
}
#VER E 13 20250107 "Levbet Ring Mej Linkans Ćkeri AB (6061)" 20250108
{
#TRANS 1920 {6 "5016"} -6088 "" "" 0
#TRANS 2440 {6 "5016"} 6088 "" "" 0
}
#VER E 14 20250108 "Levbet INSA AB (6085)" 20250109
{
#TRANS 1920 {6 "5008"} -43750 "" "" 0
#TRANS 2440 {6 "5008"} 43750 "" "" 0
}
#VER E 15 20250109 "Levbet EFG European Furniture Group Aktiebolag (6069)" 20250110
{
#TRANS 1920 {6 "5016"} -21281 "" "" 0
#TRANS 2440 {6 "5016"} 21281 "" "" 0
}
#VER E 16 20250109 "Levbet Maze Interior AB (6081)" 20250110
{
#TRANS 1920 {6 "5016"} -16933 "" "" 0
#TRANS 2440 {6 "5016"} 16933 "" "" 0
}
#VER E 17 20250108 "Levbet UAB Resize Design  (6088)" 20250110
{
#TRANS 1921 {} -89028.23 "" "" 0
#TRANS 2440 {} 88807.84 "" "" 0
#TRANS 7960 {} 220.39 "" "" 0
}
#VER E 18 20250108 "Levbet UAB Resize Design  (6090)" 20250110
{
#TRANS 1921 {6 "5011"} -142259.96 "" "" 0
#TRANS 2440 {6 "5011"} 141907.79 "" "" 0
#TRANS 7960 {6 "5011"} 352.17 "" "" 0
}
#VER E 19 20250108 "Levbet UAB Resize Design  (6086)" 20250110
{
#TRANS 1921 {} -145969.29 "" "" 0
#TRANS 2440 {} 145506.5 "" "" 0
#TRANS 7960 {} 462.79 "" "" 0
}
#VER E 20 20250108 "Levbet UAB Resize Design  (6089)" 20250110
{
#TRANS 1921 {6 "5019"} -147753.73 "" "" 0
#TRANS 2440 {6 "5019"} 147387.95 "" "" 0
#TRANS 7960 {6 "5019"} 365.78 "" "" 0
}
#VER E 21 20250113 "Levbet LeadPilot AB (6087)" 20250114
{
#TRANS 1920 {} -676 "" "" 0
#TRANS 2440 {} 676 "" "" 0
}
#VER E 22 20250113 "Levbet ROL Ergo AB (6033)" 20250114
{
#TRANS 1920 {} -4221 "" "" 0
#TRANS 2440 {} 4221 "" "" 0
}
#VER E 23 20250113 "Levbet Oderland Webbhotell AB (6078)" 20250114
{
#TRANS 1920 {} -236.25 "" "" 0
#TRANS 2440 {} 236.25 "" "" 0
}
#VER E 24 20250113 "Levbet TELIA SVERIGE AB (6076)" 20250114
{
#TRANS 1920 {} -1680 "" "" 0
#TRANS 2440 {} 1680 "" "" 0
}
#VER E 25 20250113 "Levbet Saltsjö Montage & Service AB (6074)" 20250114
{
#TRANS 1920 {} -60625 "" "" 0
#TRANS 2440 {} 60625 "" "" 0
}
#VER E 26 20250113 "Levbet CALLE GULLED AGENTURER AB (6073)" 20250114
{
#TRANS 1920 {6 "5016"} -33049 "" "" 0
#TRANS 2440 {6 "5016"} 33049 "" "" 0
}
#VER E 27 20250114 "Levbet Ege Carpets Sweden AB (6070)" 20250115
{
#TRANS 1920 {6 "5016"} -17613 "" "" 0
#TRANS 2440 {6 "5016"} 17613 "" "" 0
}
#VER E 28 20250116 "Levbet Skatteverket (6108)" 20250117
{
#TRANS 1920 {} -507135 "" "" 0
#TRANS 2440 {} 507135 "" "" 0
}
#VER E 29 20250116 "Levbet Maze Interior AB (6080)" 20250117
{
#TRANS 1920 {6 "5016"} -957 "" "" 0
#TRANS 2440 {6 "5016"} 957 "" "" 0
}
#VER E 30 20250116 "Levbet Lintex AB (6094)" 20250117
{
#TRANS 1920 {6 "5016"} -22621 "" "" 0
#TRANS 2440 {6 "5016"} 22621 "" "" 0
}
#VER E 31 20250114 "Levbet UAB Resize Design  (6091)" 20250117
{
#TRANS 1921 {6 "5011"} -811.94 "" "" 0
#TRANS 2440 {6 "5011"} 810.14 "" "" 0
#TRANS 7960 {6 "5011"} 1.8 "" "" 0
}
#VER E 32 20250114 "Levbet UAB Resize Design  (6092)" 20250117
{
#TRANS 1921 {} -17060.78 "" "" 0
#TRANS 2440 {} 17022.99 "" "" 0
#TRANS 7960 {} 37.79 "" "" 0
}
#VER E 33 20250114 "Levbet UAB Resize Design  (6093)" 20250117
{
#TRANS 1921 {} -246172.61 "" "" 0
#TRANS 2440 {} 245627.32 "" "" 0
#TRANS 7960 {} 545.29 "" "" 0
}
#VER E 34 20250114 "Levbet UAB Resize Design  (6105)" 20250117
{
#TRANS 1921 {} -112990.28 "" "" 0
#TRANS 2440 {} 112740 "" "" 0
#TRANS 7960 {} 250.28 "" "" 0
}
#VER E 35 20250117 "Levbet MB Interneto epas  (6083)" 20250121
{
#TRANS 1921 {} -1610.84 "" "" 0
#TRANS 2440 {} 1608.53 "" "" 0
#TRANS 7960 {} 2.31 "" "" 0
}
#VER E 36 20250121 "Levbet Xtra Mile Outsourcing AB (6113)" 20250122
{
#TRANS 1920 {} -24994 "" "" 0
#TRANS 2440 {} 24994 "" "" 0
}
#VER E 37 20250121 "Levbet Rozen Clean AB (6095)" 20250122
{
#TRANS 1920 {} -4070 "" "" 0
#TRANS 2440 {} 4070 "" "" 0
}
#VER E 38 20250122 "Levbet Saltsjö Montage & Service AB (6099)" 20250123
{
#TRANS 1920 {} -10000 "" "" 0
#TRANS 2440 {} 10000 "" "" 0
}
#VER E 39 20250122 "Levbet Saltsjö Montage & Service AB (6096)" 20250123
{
#TRANS 1920 {6 "5014"} -2506 "" "" 0
#TRANS 2440 {6 "5014"} 2506 "" "" 0
}
#VER E 40 20250122 "Levbet Saltsjö Montage & Service AB (6097)" 20250123
{
#TRANS 1920 {6 "5019"} -22114 "" "" 0
#TRANS 2440 {6 "5019"} 22114 "" "" 0
}
#VER E 41 20250122 "Levbet Saltsjö Montage & Service AB (6098)" 20250123
{
#TRANS 1920 {} -1531 "" "" 0
#TRANS 2440 {} 1531 "" "" 0
}
#VER E 42 20250123 "Levbet Fortnox Aktiebolag (6100)" 20250124
{
#TRANS 1920 {} -244 "" "" 0
#TRANS 2440 {} 244 "" "" 0
}
#VER E 43 20250123 "Levbet Fortnox Aktiebolag (6101)" 20250124
{
#TRANS 1920 {} -409 "" "" 0
#TRANS 2440 {} 409 "" "" 0
}
#VER E 44 20250124 "Levbet BLOMSTERGROSSISTEN (6114)" 20250125
{
#TRANS 1920 {6 "5020"} -817.75 "" "" 0
#TRANS 2440 {6 "5020"} 817.75 "" "" 0
}
#VER E 45 20250127 "Levbet ROL Ergo AB (6077)" 20250128
{
#TRANS 1920 {6 "5016"} -69573 "" "" 0
#TRANS 2440 {6 "5016"} 69573 "" "" 0
}
#VER E 46 20250128 "Levbet ELJ - BORDET AB (6131)" 20250129
{
#TRANS 1920 {} -6133 "" "" 0
#TRANS 2440 {} 6133 "" "" 0
}
#VER E 47 20250128 "Levbet Markslöjd Aktiebolag (6117)" 20250129
{
#TRANS 1920 {6 "5021"} -1138.75 "" "" 0
#TRANS 2440 {6 "5021"} 1138.75 "" "" 0
}
#VER E 48 20250129 "Levbet Saltsjö Montage & Service AB (6103)" 20250130
{
#TRANS 1920 {} -8586 "" "" 0
#TRANS 2440 {} 8586 "" "" 0
}
#VER E 49 20250129 "Levbet Saltsjö Montage & Service AB (6102)" 20250130
{
#TRANS 1920 {} -25000 "" "" 0
#TRANS 2440 {} 25000 "" "" 0
}
#VER E 50 20250130 "Levbet Post & Printcenter Södertälje AB (6106)" 20250131
{
#TRANS 1920 {} -170 "" "" 0
#TRANS 2440 {} 170 "" "" 0
}
#VER E 51 20250130 "Levbet Zesty Interiör AB (6104)" 20250131
{
#TRANS 1920 {6 "5019"} -919.81 "" "" 0
#TRANS 2440 {6 "5019"} 919.81 "" "" 0
}
#VER E 52 20250131 "Levbet Ilexpressen i Visby AB (6107)" 20250201
{
#TRANS 1920 {} -180 "" "" 0
#TRANS 2440 {} 180 "" "" 0
}
#VER E 53 20250131 "Levbet Elund Fastighets Aktiebolag (6063)" 20250201
{
#TRANS 1920 {} -13864 "" "" 0
#TRANS 2440 {} 13864 "" "" 0
#RTRANS 2648 {} -2773 "" "" 0 "Jennifer Ekenstedt"
#TRANS 2648 {} -2773 "" "" 0
#RTRANS 2641 {} 2773 "" "" 0 "Jennifer Ekenstedt"
#TRANS 2641 {} 2773 "" "" 0
}
#VER E 54 20250131 "Levbet Elund Fastighets Aktiebolag (6064)" 20250201
{
#TRANS 1920 {} -15000 "" "" 0
#TRANS 2440 {} 15000 "" "" 0
#RTRANS 2648 {} -3000 "" "" 0 "Jennifer Ekenstedt"
#TRANS 2648 {} -3000 "" "" 0
#RTRANS 2641 {} 3000 "" "" 0 "Jennifer Ekenstedt"
#TRANS 2641 {} 3000 "" "" 0
}
#VER E 55 20250203 "Levbet Makab Documents AB (6110)" 20250204
{
#TRANS 1920 {} -285 "" "" 0
#TRANS 2440 {} 285 "" "" 0
}
#VER E 56 20250203 "Levbet Siemens Financial Services Aktiebolag (6109)" 20250204
{
#TRANS 1920 {} -3631 "" "" 0
#TRANS 2440 {} 3631 "" "" 0
}
#VER E 57 20250206 "Levbet Ellevio AB (6111)" 20250207
{
#TRANS 1920 {} -348 "" "" 0
#TRANS 2440 {} 348 "" "" 0
}
#VER E 58 20250206 "Levbet LeadPilot AB (6132)" 20250207
{
#TRANS 1920 {} -198 "" "" 0
#TRANS 2440 {} 198 "" "" 0
}
#VER E 59 20250207 "Levbet Theofils AB (6112)" 20250208
{
#TRANS 1920 {} -255 "" "" 0
#TRANS 2440 {} 255 "" "" 0
}
#VER E 60 20250210 "Levbet Fortum Markets AB (6116)" 20250211
{
#TRANS 1920 {} -150 "" "" 0
#TRANS 2440 {} 150 "" "" 0
}
#VER E 61 20250210 "Levbet Fortum Markets AB (6115)" 20250211
{
#TRANS 1920 {} -309 "" "" 0
#TRANS 2440 {} 309 "" "" 0
}
#VER E 62 20250210 "Levbet RYDÉNS I GNOSJÖ  AB (6119)" 20250211
{
#TRANS 1920 {6 "5021"} -2882 "" "" 0
#TRANS 2440 {6 "5021"} 2882 "" "" 0
}
#VER E 63 20250210 "Levbet RYDÉNS I GNOSJÖ  AB (6118)" 20250211
{
#TRANS 1920 {6 "5021"} 300 "" "" 0
#TRANS 2440 {6 "5021"} -300 "" "" 0
}
#VER E 64 20250211 "Levbet Skatteverket (6152)" 20250212
{
#TRANS 1920 {} -324204 "" "" 0
#TRANS 2440 {} 324204 "" "" 0
}
#VER E 65 20250211 "Levbet UAB Resize Design  (6139)" 20250213
{
#TRANS 1921 {} -61245.11 "" "" 0
#TRANS 2440 {} 62570.43 "" "" 0
#TRANS 3960 {} -1325.32 "" "" 0
}
#VER E 66 20250212 "Levbet UAB Resize Design  (6140)" 20250213
{
#TRANS 1921 {} -25333.64 "" "" 0
#TRANS 2440 {} 25756.63 "" "" 0
#TRANS 3960 {} -422.99 "" "" 0
}
#VER E 67 20250213 "Levbet Ro-Mo Sweden Aktiebolag (6120)" 20250214
{
#TRANS 1920 {} -14244.53 "" "" 0
#TRANS 2440 {} 14244.53 "" "" 0
}
#VER E 68 20250213 "Levbet Kjellbergs Golv & Textil AB (6128)" 20250214
{
#TRANS 1920 {6 "5019"} -11948 "" "" 0
#TRANS 2440 {6 "5019"} 11948 "" "" 0
}
#VER E 69 20250217 "Levbet Mathem i Sverige AB (6122)" 20250218
{
#TRANS 1920 {} -1325.39 "" "" 0
#TRANS 2440 {} 1325.39 "" "" 0
}
#VER E 70 20250217 "Levbet Ro-Mo Sweden Aktiebolag (6123)" 20250218
{
#TRANS 1920 {} -802.25 "" "" 0
#TRANS 2440 {} 802.25 "" "" 0
}
#VER E 71 20250217 "Levbet ESSEM DESIGN AB (6129)" 20250218
{
#TRANS 1920 {} -11119 "" "" 0
#TRANS 2440 {} 11119 "" "" 0
}
#VER E 72 20250217 "Levbet Ro-Mo Sweden Aktiebolag (6124)" 20250218
{
#TRANS 1920 {} -966.34 "" "" 0
#TRANS 2440 {} 966.34 "" "" 0
}
#VER E 73 20250217 "Levbet ELGIGANTEN AKTIEBOLAG (6121)" 20250218
{
#TRANS 1920 {6 "5019"} -10378 "" "" 0
#TRANS 2440 {6 "5019"} 10378 "" "" 0
}
#VER E 74 20250218 "Levbet Xtra Mile Outsourcing AB (6153)" 20250219
{
#TRANS 1920 {} -31030 "" "" 0
#TRANS 2440 {} 31030 "" "" 0
}
#VER E 75 20250218 "Levbet OMBUDET I STOCKHOLM AKTIEBOLAG (6164)" 20250219
{
#TRANS 1920 {6 "5022"} -576 "" "" 0
#TRANS 2440 {6 "5022"} 576 "" "" 0
}
#VER E 76 20250220 "Levbet Rozen Clean AB (6144)" 20250221
{
#TRANS 1920 {} -6210 "" "" 0
#TRANS 2440 {} 6210 "" "" 0
}
#VER E 77 20250217 "Levbet Versada UAB (6163)" 20250221
{
#TRANS 1921 {} -1009.44 "" "" 0
#TRANS 2440 {} 1035.5 "" "" 0
#TRANS 3960 {} -26.06 "" "" 0
}
#VER E 78 20250217 "Levbet Versada UAB (6162)" 20250221
{
#TRANS 1921 {} -36466.24 "" "" 0
#TRANS 2440 {} 37345.71 "" "" 0
#TRANS 3960 {} -879.47 "" "" 0
}
#VER E 79 20250220 "Levbet UAB Resize Design  (6154)" 20250221
{
#TRANS 1921 {} -267.98 "" "" 0
#TRANS 2440 {} 272.6 "" "" 0
#TRANS 3960 {} -4.62 "" "" 0
}
#VER E 80 20250220 "Levbet UAB Resize Design  (6155)" 20250221
{
#TRANS 1921 {} -253457.03 "" "" 0
#TRANS 2440 {} 257822.05 "" "" 0
#TRANS 3960 {} -4365.02 "" "" 0
}
#VER E 81 20250219 "Levbet UAB Resize Design  (6168)" 20250221
{
#TRANS 1921 {} -1725.83 "" "" 0
#TRANS 2440 {} 1731.76 "" "" 0
#TRANS 3960 {} -5.93 "" "" 0
}
#VER E 82 20250219 "Levbet UAB Resize Design  (6169)" 20250221
{
#TRANS 1921 {} -2541.2 "" "" 0
#TRANS 2440 {} 2549.93 "" "" 0
#TRANS 3960 {} -8.73 "" "" 0
}
#VER E 83 20250219 "Levbet UAB Resize Design  (6173)" 20250221
{
#TRANS 1921 {} -6848.28 "" "" 0
#TRANS 2440 {} 6894.38 "" "" 0
#TRANS 3960 {} -46.1 "" "" 0
}
#VER E 84 20250219 "Levbet UAB Resize Design  (6167)" 20250221
{
#TRANS 1921 {} -11774.7 "" "" 0
#TRANS 2440 {} 11840.33 "" "" 0
#TRANS 3960 {} -65.63 "" "" 0
}
#VER E 85 20250219 "Levbet UAB Resize Design  (6165)" 20250221
{
#TRANS 1921 {} -35950.51 "" "" 0
#TRANS 2440 {} 36150.88 "" "" 0
#TRANS 3960 {} -200.37 "" "" 0
}
#VER E 86 20250219 "Levbet UAB Resize Design  (6175)" 20250221
{
#TRANS 1921 {6 "5022"} -86482.37 "" "" 0
#TRANS 2440 {6 "5022"} 86717.58 "" "" 0
#TRANS 3960 {6 "5022"} -235.21 "" "" 0
}
#VER E 87 20250219 "Levbet UAB Resize Design  (6166)" 20250221
{
#TRANS 1921 {} -187086.53 "" "" 0
#TRANS 2440 {} 188129.23 "" "" 0
#TRANS 3960 {} -1042.7 "" "" 0
}
#VER E 88 20250224 "Levbet Fortnox Aktiebolag (6156)" 20250225
{
#TRANS 1920 {} -471 "" "" 0
#TRANS 2440 {} 471 "" "" 0
}
#VER E 89 20250224 "Levbet Fortnox Aktiebolag (6145)" 20250225
{
#TRANS 1920 {} -621 "" "" 0
#TRANS 2440 {} 621 "" "" 0
}
#VER E 90 20250224 "Levbet Ring Mej Linkans Ćkeri AB (6133)" 20250225
{
#TRANS 1920 {6 "5016"} -43738 "" "" 0
#TRANS 2440 {6 "5016"} 43738 "" "" 0
}
#VER E 91 20250221 "Levbet Satelliet  (6130)" 20250225
{
#TRANS 1921 {} -1292.53 "" "" 0
#TRANS 2440 {} 1331.1 "" "" 0
#TRANS 3960 {} -38.57 "" "" 0
}
#VER E 92 20250228 "Levbet Versada UAB (6158)" 20250303
{
#TRANS 1921 {} -42770.72 "" "" 0
#TRANS 2440 {} 43864.07 "" "" 0
#TRANS 3960 {} -1093.35 "" "" 0
}
#VER E 124 20250228 "Levbet Slalom acoustic & partition systems (6197)" 20250312
{
#BTRANS 2999 {} -8410.36 "" "" 0 "Amanda Andrén"
#TRANS 2440 {} 8444.7 "" "" 0
#TRANS 3960 {} -34.34 "" "" 0
#RTRANS 1480 {} -8410.36 "" "" 0 "Amanda Andrén"
#TRANS 1480 {} -8410.36 "" "" 0
}
#VER E 125 20250228 "Levbet UAB Resize Design  (6196)" 20250313
{
#TRANS 1480 {6 "5023"} -1564440.14 "" "" 0
#TRANS 2440 {6 "5023"} 1542463.04 "" "" 0
#TRANS 7960 {6 "5023"} 21977.1 "" "" 0
}
#VER G 1 20250131 "Avskrivningar t.o.m. 2025-01-31" 20250204
{
#TRANS 1069 {} -5000 "" "Avskrivning 2025-01-01 - 2025-01-31, tillgćng 15" 0
#TRANS 7816 {} 5000 "" "Avskrivning 2025-01-01 - 2025-01-31, tillgćng 15" 0
#TRANS 1129 {} -1381 "" "Avskrivning 2025-01-01 - 2025-01-31, tillgćng 17" 0
#TRANS 7840 {} 1381 "" "Avskrivning 2025-01-01 - 2025-01-31, tillgćng 17" 0
#TRANS 1229 {} -71 "" "Avskrivning 2025-01-01 - 2025-01-31, tillgćng 18" 0
#TRANS 7832 {} 71 "" "Avskrivning 2025-01-01 - 2025-01-31, tillgćng 18" 0
#TRANS 1229 {} -3667 "" "Avskrivning 2025-01-01 - 2025-01-31, tillgćng 19" 0
#TRANS 7832 {} 3667 "" "Avskrivning 2025-01-01 - 2025-01-31, tillgćng 19" 0
#TRANS 1229 {} -550 "" "Avskrivning 2025-01-01 - 2025-01-31, tillgćng 20" 0
#TRANS 7832 {} 550 "" "Avskrivning 2025-01-01 - 2025-01-31, tillgćng 20" 0
#TRANS 1019 {} -31953 "" "Avskrivning 2025-01-01 - 2025-01-31, tillgćng 22" 0
#TRANS 7811 {} 31953 "" "Avskrivning 2025-01-01 - 2025-01-31, tillgćng 22" 0
#TRANS 1019 {} -3795 "" "Avskrivning 2025-01-01 - 2025-01-31, tillgćng 23" 0
#TRANS 7811 {} 3795 "" "Avskrivning 2025-01-01 - 2025-01-31, tillgćng 23" 0
#TRANS 1068 {} -8954 "" "Avskrivning 2025-01-01 - 2025-01-31, tillgćng 24" 0
#TRANS 2085 {} 8954 "" "Avskrivning 2025-01-01 - 2025-01-31, tillgćng 24" 0
#TRANS 1019 {} -1685 "" "Avskrivning 2025-01-01 - 2025-01-31, tillgćng 25" 0
#TRANS 7811 {} 1685 "" "Avskrivning 2025-01-01 - 2025-01-31, tillgćng 25" 0
#TRANS 1019 {} -1046 "" "Avskrivning 2025-01-01 - 2025-01-31, tillgćng 26" 0
#TRANS 7811 {} 1046 "" "Avskrivning 2025-01-01 - 2025-01-31, tillgćng 26" 0
#TRANS 1019 {} -805 "" "Avskrivning 2025-01-01 - 2025-01-31, tillgćng 27" 0
#TRANS 7811 {} 805 "" "Avskrivning 2025-01-01 - 2025-01-31, tillgćng 27" 0
#TRANS 1019 {} -680 "" "Avskrivning 2025-01-01 - 2025-01-31, tillgćng 28" 0
#TRANS 7811 {} 680 "" "Avskrivning 2025-01-01 - 2025-01-31, tillgćng 28" 0
#TRANS 1019 {} -846 "" "Avskrivning 2025-01-01 - 2025-01-31, tillgćng 29" 0
#TRANS 7811 {} 846 "" "Avskrivning 2025-01-01 - 2025-01-31, tillgćng 29" 0
#TRANS 1019 {} -658 "" "Avskrivning 2025-01-01 - 2025-01-31, tillgćng 30" 0
#TRANS 7811 {} 658 "" "Avskrivning 2025-01-01 - 2025-01-31, tillgćng 30" 0
#TRANS 1019 {} -773 "" "Avskrivning 2025-01-01 - 2025-01-31, tillgćng 31" 0
#TRANS 7811 {} 773 "" "Avskrivning 2025-01-01 - 2025-01-31, tillgćng 31" 0
#TRANS 1019 {} -509 "" "Avskrivning 2025-01-01 - 2025-01-31, tillgćng 32" 0
#TRANS 7811 {} 509 "" "Avskrivning 2025-01-01 - 2025-01-31, tillgćng 32" 0
#TRANS 1019 {} -411 "" "Avskrivning 2025-01-01 - 2025-01-31, tillgćng 33" 0
#TRANS 7811 {} 411 "" "Avskrivning 2025-01-01 - 2025-01-31, tillgćng 33" 0
#TRANS 1019 {} -716 "" "Avskrivning 2025-01-01 - 2025-01-31, tillgćng 34" 0
#TRANS 7811 {} 716 "" "Avskrivning 2025-01-01 - 2025-01-31, tillgćng 34" 0
#TRANS 1019 {} -617 "" "Avskrivning 2025-01-01 - 2025-01-31, tillgćng 35" 0
#TRANS 7811 {} 617 "" "Avskrivning 2025-01-01 - 2025-01-31, tillgćng 35" 0
#TRANS 1019 {} -586 "" "Avskrivning 2025-01-01 - 2025-01-31, tillgćng 36" 0
#TRANS 7811 {} 586 "" "Avskrivning 2025-01-01 - 2025-01-31, tillgćng 36" 0
#TRANS 1019 {} -699 "" "Avskrivning 2025-01-01 - 2025-01-31, tillgćng 37" 0
#TRANS 7811 {} 699 "" "Avskrivning 2025-01-01 - 2025-01-31, tillgćng 37" 0
#TRANS 1019 {} -664 "" "Avskrivning 2025-01-01 - 2025-01-31, tillgćng 38" 0
#TRANS 7811 {} 664 "" "Avskrivning 2025-01-01 - 2025-01-31, tillgćng 38" 0
#TRANS 1229 {} -2609 "" "Avskrivning 2025-01-01 - 2025-01-31, tillgćng 39" 0
#TRANS 7832 {} 2609 "" "Avskrivning 2025-01-01 - 2025-01-31, tillgćng 39" 0
#TRANS 1019 {} -627 "" "Avskrivning 2025-01-01 - 2025-01-31, tillgćng 40" 0
#TRANS 7811 {} 627 "" "Avskrivning 2025-01-01 - 2025-01-31, tillgćng 40" 0
#TRANS 1019 {} -350 "" "Avskrivning 2025-01-01 - 2025-01-31, tillgćng 41" 0
#TRANS 7811 {} 350 "" "Avskrivning 2025-01-01 - 2025-01-31, tillgćng 41" 0
#TRANS 1019 {} -705 "" "Avskrivning 2025-01-01 - 2025-01-31, tillgćng 42" 0
#TRANS 7811 {} 705 "" "Avskrivning 2025-01-01 - 2025-01-31, tillgćng 42" 0
#TRANS 1019 {} -1879 "" "Avskrivning 2025-01-01 - 2025-01-31, tillgćng 43" 0
#TRANS 7811 {} 1879 "" "Avskrivning 2025-01-01 - 2025-01-31, tillgćng 43" 0
}
#VER G 2 20250131 "Avskrivningar t.o.m. 2025-01-31" 20250217
{
#TRANS 1019 {} -731 "" "Avskrivning 2025-01-01 - 2025-01-31, tillgćng 45" 0
#TRANS 7811 {} 731 "" "Avskrivning 2025-01-01 - 2025-01-31, tillgćng 45" 0
}
#VER G 3 20250131 "Avskrivningar t.o.m. 2025-01-31" 20250217
{
#TRANS 1019 {} -622 "" "Avskrivning 2025-01-01 - 2025-01-31, tillgćng 44" 0
#TRANS 7811 {} 622 "" "Avskrivning 2025-01-01 - 2025-01-31, tillgćng 44" 0
}
#VER G 4 20250228 "Avskrivningar t.o.m. 2025-02-28" 20250303
{
#TRANS 1069 {} -5000 "" "Avskrivning 2025-02-01 - 2025-02-28, tillgćng 15" 0
#TRANS 7816 {} 5000 "" "Avskrivning 2025-02-01 - 2025-02-28, tillgćng 15" 0
#TRANS 1129 {} -1381 "" "Avskrivning 2025-02-01 - 2025-02-28, tillgćng 17" 0
#TRANS 7840 {} 1381 "" "Avskrivning 2025-02-01 - 2025-02-28, tillgćng 17" 0
#TRANS 1229 {} -71 "" "Avskrivning 2025-02-01 - 2025-02-28, tillgćng 18" 0
#TRANS 7832 {} 71 "" "Avskrivning 2025-02-01 - 2025-02-28, tillgćng 18" 0
#TRANS 1229 {} -3667 "" "Avskrivning 2025-02-01 - 2025-02-28, tillgćng 19" 0
#TRANS 7832 {} 3667 "" "Avskrivning 2025-02-01 - 2025-02-28, tillgćng 19" 0
#TRANS 1229 {} -550 "" "Avskrivning 2025-02-01 - 2025-02-28, tillgćng 20" 0
#TRANS 7832 {} 550 "" "Avskrivning 2025-02-01 - 2025-02-28, tillgćng 20" 0
#TRANS 1019 {} -31953 "" "Avskrivning 2025-02-01 - 2025-02-28, tillgćng 22" 0
#TRANS 7811 {} 31953 "" "Avskrivning 2025-02-01 - 2025-02-28, tillgćng 22" 0
#TRANS 1019 {} -3795 "" "Avskrivning 2025-02-01 - 2025-02-28, tillgćng 23" 0
#TRANS 7811 {} 3795 "" "Avskrivning 2025-02-01 - 2025-02-28, tillgćng 23" 0
#TRANS 1068 {} -8954 "" "Avskrivning 2025-02-01 - 2025-02-28, tillgćng 24" 0
#TRANS 2085 {} 8954 "" "Avskrivning 2025-02-01 - 2025-02-28, tillgćng 24" 0
#TRANS 1019 {} -1685 "" "Avskrivning 2025-02-01 - 2025-02-28, tillgćng 25" 0
#TRANS 7811 {} 1685 "" "Avskrivning 2025-02-01 - 2025-02-28, tillgćng 25" 0
#TRANS 1019 {} -1046 "" "Avskrivning 2025-02-01 - 2025-02-28, tillgćng 26" 0
#TRANS 7811 {} 1046 "" "Avskrivning 2025-02-01 - 2025-02-28, tillgćng 26" 0
#TRANS 1019 {} -805 "" "Avskrivning 2025-02-01 - 2025-02-28, tillgćng 27" 0
#TRANS 7811 {} 805 "" "Avskrivning 2025-02-01 - 2025-02-28, tillgćng 27" 0
#TRANS 1019 {} -680 "" "Avskrivning 2025-02-01 - 2025-02-28, tillgćng 28" 0
#TRANS 7811 {} 680 "" "Avskrivning 2025-02-01 - 2025-02-28, tillgćng 28" 0
#TRANS 1019 {} -846 "" "Avskrivning 2025-02-01 - 2025-02-28, tillgćng 29" 0
#TRANS 7811 {} 846 "" "Avskrivning 2025-02-01 - 2025-02-28, tillgćng 29" 0
#TRANS 1019 {} -658 "" "Avskrivning 2025-02-01 - 2025-02-28, tillgćng 30" 0
#TRANS 7811 {} 658 "" "Avskrivning 2025-02-01 - 2025-02-28, tillgćng 30" 0
#TRANS 1019 {} -773 "" "Avskrivning 2025-02-01 - 2025-02-28, tillgćng 31" 0
#TRANS 7811 {} 773 "" "Avskrivning 2025-02-01 - 2025-02-28, tillgćng 31" 0
#TRANS 1019 {} -509 "" "Avskrivning 2025-02-01 - 2025-02-28, tillgćng 32" 0
#TRANS 7811 {} 509 "" "Avskrivning 2025-02-01 - 2025-02-28, tillgćng 32" 0
#TRANS 1019 {} -411 "" "Avskrivning 2025-02-01 - 2025-02-28, tillgćng 33" 0
#TRANS 7811 {} 411 "" "Avskrivning 2025-02-01 - 2025-02-28, tillgćng 33" 0
#TRANS 1019 {} -716 "" "Avskrivning 2025-02-01 - 2025-02-28, tillgćng 34" 0
#TRANS 7811 {} 716 "" "Avskrivning 2025-02-01 - 2025-02-28, tillgćng 34" 0
#TRANS 1019 {} -617 "" "Avskrivning 2025-02-01 - 2025-02-28, tillgćng 35" 0
#TRANS 7811 {} 617 "" "Avskrivning 2025-02-01 - 2025-02-28, tillgćng 35" 0
#TRANS 1019 {} -586 "" "Avskrivning 2025-02-01 - 2025-02-28, tillgćng 36" 0
#TRANS 7811 {} 586 "" "Avskrivning 2025-02-01 - 2025-02-28, tillgćng 36" 0
#TRANS 1019 {} -699 "" "Avskrivning 2025-02-01 - 2025-02-28, tillgćng 37" 0
#TRANS 7811 {} 699 "" "Avskrivning 2025-02-01 - 2025-02-28, tillgćng 37" 0
#TRANS 1019 {} -664 "" "Avskrivning 2025-02-01 - 2025-02-28, tillgćng 38" 0
#TRANS 7811 {} 664 "" "Avskrivning 2025-02-01 - 2025-02-28, tillgćng 38" 0
#TRANS 1229 {} -2609 "" "Avskrivning 2025-02-01 - 2025-02-28, tillgćng 39" 0
#TRANS 7832 {} 2609 "" "Avskrivning 2025-02-01 - 2025-02-28, tillgćng 39" 0
#TRANS 1019 {} -627 "" "Avskrivning 2025-02-01 - 2025-02-28, tillgćng 40" 0
#TRANS 7811 {} 627 "" "Avskrivning 2025-02-01 - 2025-02-28, tillgćng 40" 0
#TRANS 1019 {} -350 "" "Avskrivning 2025-02-01 - 2025-02-28, tillgćng 41" 0
#TRANS 7811 {} 350 "" "Avskrivning 2025-02-01 - 2025-02-28, tillgćng 41" 0
#TRANS 1019 {} -705 "" "Avskrivning 2025-02-01 - 2025-02-28, tillgćng 42" 0
#TRANS 7811 {} 705 "" "Avskrivning 2025-02-01 - 2025-02-28, tillgćng 42" 0
#TRANS 1019 {} -1879 "" "Avskrivning 2025-02-01 - 2025-02-28, tillgćng 43" 0
#TRANS 7811 {} 1879 "" "Avskrivning 2025-02-01 - 2025-02-28, tillgćng 43" 0
#TRANS 1019 {} -622 "" "Avskrivning 2025-02-01 - 2025-02-28, tillgćng 44" 0
#TRANS 7811 {} 622 "" "Avskrivning 2025-02-01 - 2025-02-28, tillgćng 44" 0
#TRANS 1019 {} -731 "" "Avskrivning 2025-02-01 - 2025-02-28, tillgćng 45" 0
#TRANS 7811 {} 731 "" "Avskrivning 2025-02-01 - 2025-02-28, tillgćng 45" 0
}
#VER G 5 20250228 "Avskrivningar t.o.m. 2025-02-28" 20250312
{
#TRANS 1019 {} -404 "" "Avskrivning 2025-02-01 - 2025-02-28, tillgćng 46" 0
#TRANS 7811 {} 404 "" "Avskrivning 2025-02-01 - 2025-02-28, tillgćng 46" 0
}
#VER H 1 20250131 "Periodisering av leverantörsfaktura 5613" 20250204
{
#TRANS 1730 {} -2674.67 "" "" 0
#TRANS 7621 {} 2674.67 "" "" 0
}
#VER H 2 20250131 "Periodisering av leverantörsfaktura 5655" 20250204
{
#TRANS 1730 {} -629.58 "" "" 0
#TRANS 6310 {} 629.58 "" "" 0
}
#VER H 3 20250131 "Periodisering av leverantörsfaktura 5656" 20250204
{
#TRANS 1730 {} -221.75 "" "" 0
#TRANS 6310 {} 221.75 "" "" 0
}
#VER H 4 20250131 "Periodisering av leverantörsfaktura 5654" 20250204
{
#TRANS 1730 {} -826.08 "" "" 0
#TRANS 6310 {} 826.08 "" "" 0
}
#VER H 5 20250131 "Periodisering av leverantörsfaktura 5688" 20250204
{
#TRANS 1730 {} -3208.92 "" "" 0
#TRANS 6310 {} 3208.92 "" "" 0
}
#VER H 6 20250131 "Periodisering av leverantörsfaktura 5613" 20250204
{
#TRANS 1730 {} 3343.33 "" "" 0
#TRANS 7621 {} -3343.33 "" "" 0
}
#VER H 7 20250131 "Periodisering av leverantörsfaktura 6048" 20250204
{
#TRANS 1710 {} -12000 "" "" 0
#TRANS 5010 {} 12000 "" "" 0
}
#VER H 8 20250131 "Periodisering av leverantörsfaktura 6049" 20250204
{
#TRANS 1710 {} -11091.2 "" "" 0
#TRANS 5010 {} 11091.2 "" "" 0
}
#VER H 9 20250131 "Periodisering av leverantörsfaktura 6052" 20250204
{
#TRANS 1730 {} -1267 "" "" 0
#TRANS 7410 {} 1191 "" "" 0
#TRANS 7530 {} 288.94 "" "" 0
#TRANS 2514 {} -288.94 "" "" 0
#TRANS 7570 {} 76 "" "" 0
}
#VER H 10 20250131 "Periodisering av leverantörsfaktura 6054" 20250204
{
#TRANS 1790 {} -1080 "" "" 0
#TRANS 7621 {} 1080 "" "" 0
}
#VER H 11 20250228 "Periodisering av leverantörsfaktura 5613" 20250303
{
#TRANS 1730 {} -2674.67 "" "" 0
#TRANS 7621 {} 2674.67 "" "" 0
}
#VER H 12 20250228 "Periodisering av leverantörsfaktura 5655" 20250303
{
#TRANS 1730 {} -629.58 "" "" 0
#TRANS 6310 {} 629.58 "" "" 0
}
#VER H 13 20250228 "Periodisering av leverantörsfaktura 5656" 20250303
{
#TRANS 1730 {} -221.75 "" "" 0
#TRANS 6310 {} 221.75 "" "" 0
}
#VER H 14 20250228 "Periodisering av leverantörsfaktura 5654" 20250303
{
#TRANS 1730 {} -826.08 "" "" 0
#TRANS 6310 {} 826.08 "" "" 0
}
#VER H 15 20250228 "Periodisering av leverantörsfaktura 5688" 20250303
{
#TRANS 1730 {} -3208.92 "" "" 0
#TRANS 6310 {} 3208.92 "" "" 0
}
#VER H 16 20250228 "Periodisering av leverantörsfaktura 5613" 20250303
{
#TRANS 1730 {} 3343.33 "" "" 0
#TRANS 7621 {} -3343.33 "" "" 0
}
#VER H 17 20250228 "Periodisering av leverantörsfaktura 6052" 20250303
{
#TRANS 1730 {} -1267 "" "" 0
#TRANS 7410 {} 1191 "" "" 0
#TRANS 7530 {} 288.94 "" "" 0
#TRANS 2514 {} -288.94 "" "" 0
#TRANS 7570 {} 76 "" "" 0
}
#VER H 18 20250228 "Periodisering av leverantörsfaktura 6054" 20250303
{
#TRANS 1790 {} -1080 "" "" 0
#TRANS 7621 {} 1080 "" "" 0
}
#VER H 19 20250228 "Periodisering av leverantörsfaktura 6063" 20250303
{
#TRANS 1710 {} -11091.2 "" "" 0
#TRANS 5010 {} 11091.2 "" "" 0
}
#VER H 20 20250228 "Periodisering av leverantörsfaktura 6064" 20250303
{
#TRANS 1710 {} -12000 "" "" 0
#TRANS 5010 {} 12000 "" "" 0
}
#VER K 1 20250124 "Löneutbetalning: 2025.M.01 - anställd: 001" 20250130
{
#TRANS 7210 {} -2369 "" "" 0
#TRANS 7210 {} -2369 "" "" 0
#TRANS 7210 {} 2590.45 "" "" 0
#TRANS 7210 {} -2452.38 "" "" 0
#TRANS 7210 {} -32169.85 "" "" 0
#TRANS 7210 {} 2590.45 "" "" 0
#TRANS 7210 {} 51500 "" "" 0
#TRANS 2710 {} -2636 "" "" 0
#BTRANS 1930 {} -14685 "" "" 0 "Jennifer Ekenstedt"
#BTRANS 2730 {} -5442.15 "" "" 0 "Jennifer Ekenstedt"
#TRANS 7510 {} 5442.15 "" "" 0
#TRANS 3740 {} 0.33 "" "" 0
#RTRANS 1920 {} -14685 "" "" 0 "Jennifer Ekenstedt"
#TRANS 1920 {} -14685 "" "" 0
#RTRANS 2731 {} -5442.15 "" "" 0 "Jennifer Ekenstedt"
#TRANS 2731 {} -5442.15 "" "" 0
}
#VER K 2 20250124 "Löneutbetalning: 2025.M.01 - anställd: 002" 20250130
{
#TRANS 7210 {} -2369 "" "" 0
#TRANS 7210 {} 2590.45 "" "" 0
#TRANS 7210 {} 51500 "" "" 0
#TRANS 2710 {} -12725 "" "" 0
#BTRANS 1930 {} -38996 "" "" 0 "Jennifer Ekenstedt"
#BTRANS 2730 {} -16250.88 "" "" 0 "Jennifer Ekenstedt"
#TRANS 7510 {} 16250.88 "" "" 0
#TRANS 3740 {} -0.45 "" "" 0
#RTRANS 1920 {} -38996 "" "" 0 "Jennifer Ekenstedt"
#TRANS 1920 {} -38996 "" "" 0
#RTRANS 2731 {} -16250.88 "" "" 0 "Jennifer Ekenstedt"
#TRANS 2731 {} -16250.88 "" "" 0
}
#VER K 3 20250124 "Löneutbetalning: 2025.M.01 - anställd: 010" 20250130
{
#TRANS 7210 {} -1516.16 "" "" 0
#TRANS 7210 {} 32960 "" "" 0
#TRANS 7210 {} 1480.16 "" "" 0
#TRANS 7210 {} -1516.16 "" "" 0
#TRANS 7210 {} 1480.16 "" "" 0
#TRANS 2710 {} -6725 "" "" 0
#BTRANS 1930 {} -26163 "" "" 0 "Jennifer Ekenstedt"
#BTRANS 2730 {} -10333.41 "" "" 0 "Jennifer Ekenstedt"
#TRANS 7510 {} 10333.41 "" "" 0
#RTRANS 1920 {} -26163 "" "" 0 "Jennifer Ekenstedt"
#TRANS 1920 {} -26163 "" "" 0
#RTRANS 2731 {} -10333.41 "" "" 0 "Jennifer Ekenstedt"
#TRANS 2731 {} -10333.41 "" "" 0
}
#VER K 4 20250124 "Löneutbetalning: 2025.M.01 - anställd: 012" 20250130
{
#TRANS 7210 {} -1847.82 "" "" 0
#TRANS 7210 {} 2020.55 "" "" 0
#TRANS 2710 {} -1000 "" "" 0
#TRANS 7210 {} 2020.55 "" "" 0
#TRANS 7210 {} -6489 "" "" 0
#TRANS 7210 {} 2020.55 "" "" 0
#TRANS 7210 {} -1847.82 "" "" 0
#TRANS 7210 {} 5191.2 "" "" 0
#TRANS 7210 {} -1847.82 "" "" 0
#TRANS 7210 {} -1483.2 "" "" 0
#TRANS 7210 {} 40170 "" "" 0
#TRANS 2710 {} -8024 "" "" 0
#BTRANS 1930 {} -28883 "" "" 0 "Jennifer Ekenstedt"
#BTRANS 2730 {} -11910.44 "" "" 0 "Jennifer Ekenstedt"
#TRANS 7510 {} 11910.44 "" "" 0
#TRANS 3740 {} -0.19 "" "" 0
#RTRANS 1920 {} -28883 "" "" 0 "Jennifer Ekenstedt"
#TRANS 1920 {} -28883 "" "" 0
#RTRANS 2731 {} -11910.44 "" "" 0 "Jennifer Ekenstedt"
#TRANS 2731 {} -11910.44 "" "" 0
}
#VER K 5 20250131 "Löneutbetalning: 2025.S.01" 20250130
{
#BTRANS 2730 {} 0.88 "" "" 0 "Jennifer Ekenstedt"
#TRANS 7510 {} -0.88 "" "" 0
#RTRANS 2731 {} 0.88 "" "" 0 "Jennifer Ekenstedt"
#TRANS 2731 {} 0.88 "" "" 0
}
#VER K 6 20250225 "Löneutbetalning: 2025.M.02 - anställd: 001" 20250221
{
#TRANS 7210 {} 51500 "" "" 0
#TRANS 2710 {} -11899 "" "" 0
#BTRANS 1930 {} -39601 "" "" 0 "Amanda Andrén"
#BTRANS 2730 {} -16181.3 "" "" 0 "Jennifer Ekenstedt"
#TRANS 7510 {} 16181.3 "" "" 0
#RTRANS 1920 {} -39601 "" "" 0 "Amanda Andrén"
#TRANS 1920 {} -39601 "" "" 0
#RTRANS 2731 {} -16181.3 "" "" 0 "Jennifer Ekenstedt"
#TRANS 2731 {} -16181.3 "" "" 0
}
#VER K 7 20250225 "Löneutbetalning: 2025.M.02 - anställd: 002" 20250221
{
#TRANS 7210 {} -2369 "" "" 0
#TRANS 7210 {} 51500 "" "" 0
#TRANS 7210 {} 2590.45 "" "" 0
#TRANS 2710 {} -12725 "" "" 0
#BTRANS 1930 {} -38996 "" "" 0 "Amanda Andrén"
#BTRANS 2730 {} -16250.88 "" "" 0 "Jennifer Ekenstedt"
#TRANS 7510 {} 16250.88 "" "" 0
#TRANS 3740 {} -0.45 "" "" 0
#RTRANS 1920 {} -38996 "" "" 0 "Amanda Andrén"
#TRANS 1920 {} -38996 "" "" 0
#RTRANS 2731 {} -16250.88 "" "" 0 "Jennifer Ekenstedt"
#TRANS 2731 {} -16250.88 "" "" 0
}
#VER K 8 20250225 "Löneutbetalning: 2025.M.02 - anställd: 010" 20250221
{
#TRANS 7210 {} 32960 "" "" 0
#TRANS 2710 {} -6725 "" "" 0
#BTRANS 1930 {} -26235 "" "" 0 "Amanda Andrén"
#BTRANS 2730 {} -10356.03 "" "" 0 "Jennifer Ekenstedt"
#TRANS 7510 {} 10356.03 "" "" 0
#RTRANS 1920 {} -26235 "" "" 0 "Amanda Andrén"
#TRANS 1920 {} -26235 "" "" 0
#RTRANS 2731 {} -10356.03 "" "" 0 "Jennifer Ekenstedt"
#TRANS 2731 {} -10356.03 "" "" 0
}
#VER K 9 20250225 "Löneutbetalning: 2025.M.02 - anställd: 012" 20250221
{
#TRANS 7210 {} 2020.55 "" "" 0
#TRANS 7210 {} -1847.82 "" "" 0
#TRANS 2710 {} -1000 "" "" 0
#TRANS 7210 {} 40170 "" "" 0
#TRANS 2710 {} -8695 "" "" 0
#BTRANS 1930 {} -30648 "" "" 0 "Amanda Andrén"
#BTRANS 2730 {} -12675.69 "" "" 0 "Jennifer Ekenstedt"
#TRANS 7510 {} 12675.69 "" "" 0
#TRANS 3740 {} 0.27 "" "" 0
#RTRANS 1920 {} -30648 "" "" 0 "Amanda Andrén"
#TRANS 1920 {} -30648 "" "" 0
#RTRANS 2731 {} -12675.69 "" "" 0 "Jennifer Ekenstedt"
#TRANS 2731 {} -12675.69 "" "" 0
}
#VER K 10 20250228 "Löneutbetalning: 2025.S.02" 20250221
{
#BTRANS 2730 {} 0.9 "" "" 0 "Jennifer Ekenstedt"
#TRANS 7510 {} -0.9 "" "" 0
#RTRANS 2731 {} 0.9 "" "" 0 "Jennifer Ekenstedt"
#TRANS 2731 {} 0.9 "" "" 0
}
#VER M 1 20250131 "Momsrapport_2025-01-01-2025-01-31" 20250217
{
#TRANS 2611 {} 446997.5 "" "" 0
#TRANS 2610 {} 42038.75 "" "" 0
#TRANS 2615 {} 100654.84 "" "" 0
#TRANS 2641 {} -84202.32 "" "" 0
#TRANS 2645 {} -100654.84 "" "" 0
#TRANS 2650 {} -404833 "" "" 0
#TRANS 3740 {} -0.93 "" "" 0
}
#VER M 2 20250228 "Momsrapport_2025-02-01-2025-02-28" 20250314
{
#TRANS 2611 {} 225600 "" "" 0
#TRANS 2615 {} 554702.57 "" "" 0
#TRANS 2641 {} -99100.94 "" "" 0
#TRANS 2645 {} -554702.57 "" "" 0
#TRANS 2650 {} -126499 "" "" 0
#TRANS 3740 {} -0.06 "" "" 0
}
#VER X 1 20250228 "Utläggsrapport Viktor nov dec Jan" 20250228
{
#TRANS 2641 {} 61.4 "" "Bauhaus" 0
#TRANS 4010 {} 245.6 "" "Bauhaus" 0
#TRANS 2829 {} -307 "" "Bauhaus" 0
#TRANS 2641 {} 6.57 "" "Fwd: Din resa med Bolt i mćndags" 0
#TRANS 5800 {} 109.43 "" "Fwd: Din resa med Bolt i mćndags" 0
#TRANS 2829 {} -116 "" "Fwd: Din resa med Bolt i mćndags" 0
#TRANS 2641 {} 7.81 "" "Fwd: Din resa med Bolt i torsdags" 0
#TRANS 5800 {} 116.19 "" "Fwd: Din resa med Bolt i torsdags" 0
#TRANS 2829 {} -124 "" "Fwd: Din resa med Bolt i torsdags" 0
#TRANS 2641 {} 17.46 "" "Netlight " 0
#TRANS 6072 {} 145.54 "" "Netlight " 0
#TRANS 2829 {} -163 "" "Netlight " 0
#TRANS 2641 {} 19.75 "" "Fwd: Din beställning" 0
#TRANS 7621 {} 329.25 "" "Fwd: Din beställning" 0
#TRANS 2829 {} -349 "" "Fwd: Din beställning" 0
#TRANS 2641 {} 8.21 "" "Fwd: Din resa med Bolt i fredags" 0
#TRANS 5800 {} 136.79 "" "Fwd: Din resa med Bolt i fredags" 0
#TRANS 2829 {} -145 "" "Fwd: Din resa med Bolt i fredags" 0
#TRANS 2641 {} 5.72 "" "Fwd: Din resa med Bolt i onsdags" 0
#TRANS 5800 {} 95.28 "" "Fwd: Din resa med Bolt i onsdags" 0
#TRANS 2829 {} -101 "" "Fwd: Din resa med Bolt i onsdags" 0
#TRANS 2641 {} 19 "" "Fwd:  Personal  Din morgonresa pć onsdag med Uber" 0
#TRANS 5800 {} 87 "" "Fwd:  Personal  Din morgonresa pć onsdag med Uber" 0
#TRANS 2829 {} -106 "" "Fwd:  Personal  Din morgonresa pć onsdag med Uber" 0
#TRANS 2641 {} 9.57 "" "Fwd: Din resa med Bolt i fredags" 0
#TRANS 5800 {} 142.43 "" "Fwd: Din resa med Bolt i fredags" 0
#TRANS 2829 {} -152 "" "Fwd: Din resa med Bolt i fredags" 0
#TRANS 2641 {} 161.26 "" "STC" 0
#TRANS 7621 {} 2687.74 "" "STC" 0
#TRANS 2829 {} -2849 "" "STC" 0
#TRANS 2641 {} 400 "" "SAS Amsterdam Viktor " 0
#TRANS 5800 {} 2248 "" "SAS Amsterdam Viktor " 0
#TRANS 2829 {} -2648 "" "SAS Amsterdam Viktor " 0
#TRANS 2641 {} 400 "" "SAS satelliet " 0
#TRANS 5800 {} 2248 "" "SAS satelliet " 0
#TRANS 2829 {} -2648 "" "SAS satelliet " 0
#TRANS 2641 {} 64.29 "" "" 0
#TRANS 6072 {} 535.71 "" "" 0
#TRANS 2829 {} -600 "" "" 0
#TRANS 2641 {} 4.96 "" "Fwd:  Personal  Din eftermiddagsresa pć fredag med Uber" 0
#TRANS 5800 {} 90.04 "" "Fwd:  Personal  Din eftermiddagsresa pć fredag med Uber" 0
#TRANS 2829 {} -95 "" "Fwd:  Personal  Din eftermiddagsresa pć fredag med Uber" 0
#TRANS 2641 {} 30 "" "Fwd:  Personal  Din eftermiddagsresa pć fredag med Uber" 0
#TRANS 5800 {} 87 "" "Fwd:  Personal  Din eftermiddagsresa pć fredag med Uber" 0
#TRANS 2829 {} -117 "" "Fwd:  Personal  Din eftermiddagsresa pć fredag med Uber" 0
#TRANS 2641 {} 10.11 "" "Amsterdam HC meeting " 0
#TRANS 5800 {} 112.87 "" "Amsterdam HC meeting " 0
#TRANS 2829 {} -122.98 "" "Amsterdam HC meeting " 0
#TRANS 2641 {} 144 "" "HC meeting" 0
#TRANS 6072 {} 3317.24 "" "HC meeting" 0
#TRANS 2829 {} -3461.24 "" "HC meeting" 0
#TRANS 2641 {} 14.8 "" "Satelliet resa " 0
#TRANS 6072 {} 125.2 "" "Satelliet resa " 0
#TRANS 2829 {} -140 "" "Satelliet resa " 0
#TRANS 2641 {} 7.3 "" "Flygbuss" 0
#TRANS 5800 {} 121.7 "" "Flygbuss" 0
#TRANS 2829 {} -129 "" "Flygbuss" 0
#TRANS 2641 {} 5.6 "" "Fwd:  Personal  Din eftermiddagsresa pć torsdag med Uber" 0
#TRANS 5800 {} 91.4 "" "Fwd:  Personal  Din eftermiddagsresa pć torsdag med Uber" 0
#TRANS 2829 {} -97 "" "Fwd:  Personal  Din eftermiddagsresa pć torsdag med Uber" 0
#TRANS 2641 {} 447.2 "" "Möbelmässan event " 0
#TRANS 6071 {} 1788.8 "" "Möbelmässan event " 0
#TRANS 2829 {} -2236 "" "Möbelmässan event " 0
}
#VER X 2 20250228 "Kosttillskott" 20250228
{
#TRANS 2641 {} 32 "" "Kosttillskott" 0
#TRANS 7621 {} 267 "" "Kosttillskott" 0
#TRANS 2820 {} -299 "" "Kosttillskott" 0
}